
@article{Tischler2014,
    title = {{biobambam: tools for read pair collation based algorithms on BAM files}},
    year = {2014},
    journal = {Source Code for Biology and Medicine},
    author = {Tischler, German and Leonard, Steven},
    number = {1},
    pages = {13},
    volume = {9},
    url = {http://www.scfbm.org/content/9/1/13},
    doi = {10.1186/1751-0473-9-13},
    issn = {1751-0473},
    arxivId = {1306.0836}
}

@phdthesis{succinct_jacobson,
	author = {Jacobson, Guy Joseph},
	title = {Succinct Static Data Structures},
	year = {1988},
	publisher = {Carnegie Mellon University},
	address = {USA}
}

@inproceedings{Navarro:2012:FSS:2366685.2366713,
    title = {{Fast, Small, Simple Rank/Select on Bitmaps}},
    year = {2012},
    booktitle = {Proceedings of the 11th International Conference on Experimental Algorithms},
    author = {Navarro, Gonzalo and Providel, Eliana},
    pages = {295--306},
    series = {SEA'12},
    publisher = {Springer-Verlag},
    url = {http://dx.doi.org/10.1007/978-3-642-30850-5_26},
    address = {Berlin, Heidelberg},
    isbn = {978-3-642-30849-9},
    doi = {10.1007/978-3-642-30850-5_26}
}

@article{doi:10.1093/bioinformatics/btx304,
    title = {{KMC 3: counting and manipulating k-mer statistics}},
    year = {2017},
    journal = {Bioinformatics},
    author = {Kokot, Marek and D{\l}ugosz, Maciej and Deorowicz, Sebastian},
    number = {17},
    pages = {2759--2761},
    volume = {33},
    url = {http://dx.doi.org/10.1093/bioinformatics/btx304},
    doi = {10.1093/bioinformatics/btx304}
}

@article{Grossi2012,
    title = {{The Wavelet Trie: Maintaining an Indexed Sequence of Strings in Compressed Space}},
    year = {2012},
    journal = {arXiv},
    author = {Grossi, Roberto and Ottaviano, Giuseppe},
    month = {4},
    url = {http://arxiv.org/abs/1204.3581},
    arxivId = {1204.3581}
}

@inproceedings{Grossi:2003:HET:644108.644250,
	title = {{High-order Entropy-compressed Text Indexes}},
	year = {2003},
	booktitle = {Proceedings of the Fourteenth Annual ACM-SIAM Symposium on Discrete Algorithms},
	author = {Grossi, Roberto and Gupta, Ankur and Vitter, Jeffrey Scott},
	pages = {841--850},
	series = {SODA '03},
	publisher = {Society for Industrial and Applied Mathematics},
	url = {http://dl.acm.org/citation.cfm?id=644108.644250},
	address = {Philadelphia, PA, USA},
	isbn = {0-89871-538-5}
}

@article{Baraniuk2008AMatrices,
    title = {{A simple proof of the restricted isometry property for random matrices}},
    year = {2008},
    journal = {Constructive Approximation},
    author = {Baraniuk, Richard and Davenport, Mark and DeVore, Ronald and Wakin, Michael},
    isbn = {0176427614320940},
    doi = {10.1007/s00365-007-9003-x},
    issn = {01764276},
    pmid = {24439530},
    arxivId = {arXiv:1011.1669v3},
    keywords = {Compressed sensing, Concentration inequalities, Random matrices, Sampling}
}

@article{Pevzner2001AnAssembly,
    address = {Department of Computer Science and Engineering, University of California, San Diego, La Jolla, USA.},
    author = {Pevzner, P A and Tang, H and Waterman, M S},
    crdt = {2001/08/16 10:00},
    dcom = {20010920},
    doi = {10.1073/pnas.171285098},
    edat = {2001/08/16 10:00},
    issn = {0027-8424 (Print); 1091-6490 (Electronic); 0027-8424 (Linking)},
    jid = {7505876},
    journal = {Proc Natl Acad Sci U S A},
    jt = {Proceedings of the National Academy of Sciences of the United States of America},
    lr = {20220408},
    mh = {*Algorithms; Campylobacter jejuni/genetics; Contig Mapping/*methods; DNA, Bacterial/genetics; Genome, Bacterial; Lactococcus lactis/genetics; Models, Theoretical; Neisseria meningitidis/genetics; Sequence Alignment/methods; Sequence Analysis, DNA/*methods; Software},
    mhda = {2001/09/21 10:01},
    month = {Aug},
    number = {17},
    own = {NLM},
    pages = {9748--9753},
    phst = {2001/08/16 10:00 {$[$}pubmed{$]$}; 2001/09/21 10:01 {$[$}medline{$]$}; 2001/08/16 10:00 {$[$}entrez{$]$}},
    pii = {98/17/9748; 171285098; 2850},
    pl = {United States},
    pmc = {PMC55524},
    pmid = {11504945},
    pst = {ppublish},
    pt = {Comparative Study; Journal Article},
    rn = {0 (DNA, Bacterial)},
    sb = {IM},
    status = {MEDLINE},
    title = {{An Eulerian path approach to DNA fragment assembly}},
    volume = {98},
    year = {2001}
}

@article{Stephens2015BigGenomical,
    title = {{Big data: Astronomical or genomical?}},
    year = {2015},
    journal = {PLoS Biology},
    author = {Stephens, Zachary D. and Lee, Skylar Y. and Faghri, Faraz and Campbell, Roy H. and Zhai, Chengxiang and Efron, Miles J. and Iyer, Ravishankar and Schatz, Michael C. and Sinha, Saurabh and Robinson, Gene E.},
    isbn = {1545-7885},
    doi = {10.1371/journal.pbio.1002195},
    issn = {15457885},
    pmid = {26151137}
}

@article{Zhang2015BirdOff,
    title = {{Bird sequencing project takes off}},
    year = {2015},
    journal = {Nature},
    author = {Zhang, Guojie},
    number = {7554},
    month = {6},
    pages = {34--34},
    volume = {522},
    url = {http://www.nature.com/articles/522034d},
    doi = {10.1038/522034d},
    issn = {0028-0836}
}

@article{Holley2016BloomStorage,
    title = {{Bloom Filter Trie: an alignment-free and reference-free data structure for pan-genome storage}},
    year = {2016},
    journal = {Algorithms for Molecular Biology},
    author = {Holley, Guillaume and Wittler, Roland and Stoye, Jens},
    number = {1},
    month = {12},
    pages = {3},
    volume = {11},
    publisher = {BioMed Central},
    url = {http://almob.biomedcentral.com/articles/10.1186/s13015-016-0066-8},
    doi = {10.1186/s13015-016-0066-8},
    issn = {1748-7188},
    keywords = {Algorithms, Bioinformatics, Cellular and Medical Topics, Computational Biology/Bioinformatics, Physiological}
}

@article{Barbay2007,
	title = {{Adaptive searching in succinctly encoded binary relations and tree-structured documents}},
	year = {2007},
	journal = {Theoretical Computer Science},
	author = {Barbay, Jérémy and Golynski, Alexander and Ian Munro, J. and Srinivasa Rao, S.},
	number = {3},
	month = {11},
	pages = {284--297},
	volume = {387},
	publisher = {Elsevier},
	url = {https://www.sciencedirect.com/science/article/pii/S0304397507005270},
	doi = {10.1016/j.tcs.2007.07.015},
	issn = {03043975},
	keywords = {Adaptive algorithms, Conjunctive queries, Intersection problem, Labeled trees, Multi-labeled trees, Path queries, Succinct data structures}
}

@article{Barbay2013CompactFunctionality,
    title = {{Compact binary relation representations with rich functionality}},
    year = {2013},
    journal = {Information and Computation},
    author = {Barbay, Jérémy and Claude, Francisco and Navarro, Gonzalo},
    isbn = {3642121993},
    doi = {10.1016/j.ic.2013.10.003},
    issn = {08905401},
    arxivId = {arXiv:1201.3602v1},
    keywords = {Binary relations, Compact data structures, Compression, Wavelet trees}
}

@inproceedings{Brisaboa2012CompressedRelations,
    title = {{Compressed dynamic binary relations}},
    year = {2012},
    booktitle = {Data Compression Conference Proceedings},
    author = {Brisaboa, Nieves R. and Bernardo, Guillermo De and Navarro, Gonzalo},
    isbn = {9780769546568},
    doi = {10.1109/DCC.2012.13},
    issn = {10680314}
}

@article{Alvarez-Garcia2011CompressedEngines,
    title={Compressed k2-Triples for Full-In-Memory RDF Engines},
    author={Sandra Álvarez-García and Nieves R. Brisaboa and Javier D. Fernández and Miguel A. Martínez-Prieto},
    year={2011},
    eprint={1105.4004},
    archivePrefix={arXiv},
    primaryClass={cs.IR}
}

@article{Agarwala2017DatabaseInformation,
    title = {{Database Resources of the National Center for Biotechnology Information}},
    year = {2017},
    journal = {Nucleic Acids Research},
    author = {Agarwala, Richa and Barrett, Tanya and Beck, Jeff and Benson, Dennis A. and Bollin, Colleen and Bolton, Evan and Bourexis, Devon and Brister, J. Rodney and Bryant, Stephen H. and Canese, Kathi and Charowhas, Chad and Clark, Karen and DiCuccio, Michael and Dondoshansky, Ilya and Feolo, Michael and Funk, Kathryn and Geer, Lewis Y. and Gorelenkov, Viatcheslav and Hlavina, Wratko and Hoeppner, Marilu and Holmes, Brad and Johnson, Mark and Khotomlianski, Viatcheslav and Kimchi, Avi and Kimelman, Michael and Kitts, Paul and Klimke, William and Krasnov, Sergey and Kuznetsov, Anatoliy and Landrum, Melissa J. and Landsman, David and Lee, Jennifer M. and Lipman, David J. and Lu, Zhiyong and Madden, Thomas L. and Madej, Tom and Marchler-Bauer, Aron and Karsch-Mizrachi, Ilene and Murphy, Terence and Orris, Rebecca and Ostell, James and O'Sullivan, Christopher and Palanigobu, Vasuki and Panchenko, Anna R. and Phan, Lon and Pruitt, Kim D. and Rodarmer, Kurt and Rubinstein, Wendy and Sayers, Eric W. and Schneider, Valerie and Schoch, Conrad L. and Schuler, Gregory D. and Sherry, Stephen T. and Sirotkin, Karl and Siyan, Karanjit and Slotta, Douglas and Soboleva, Alexandra and Soussov, Vladimir and Starchenko, Grigory and Tatusova, Tatiana A. and Todorov, Kamen and Trawick, Bart W. and Vakatov, Denis and Wang, Yanli and Ward, Minghong and Wilbur, W. John and Yaschenko, Eugene and Zbicz, Kerry},
    isbn = {1362-4962 (Electronic){\textbackslash}r0305-1048 (Linking)},
    doi = {10.1093/nar/gkw1071},
    issn = {13624962},
    pmid = {15608222},
    arxivId = {0903.1632}
}

@article{Iqbal2012DeGraphs,
author = {Iqbal, Zamin and Caccamo, Mario and Turner, Isaac and Flicek, Paul and McVean, Gil},
doi = {10.1038/ng.1028},
id = {Iqbal2012},
isbn = {1546-1718},
journal = {Nature Genetics},
number = {2},
pages = {226--232},
title = {De novo assembly and genotyping of variants using colored de Bruijn graphs},
url = {https://doi.org/10.1038/ng.1028},
volume = {44},
year = {2012}
}

@article{Mustafa2018DynamicColoring,
    title = {{Dynamic compression schemes for graph coloring}},
    year = {2018},
    journal = {Bioinformatics},
    author = {Mustafa, Harun and Schilken, Ingo and Karasikov, Mikhail and Eickhoff, Carsten and R{\"{a}}tsch, Gunnar and Kahles, André and Hancock, John},
    doi = {10.1093/bioinformatics/bty632},
    issn = {1367-4803}
}

@article{Li2009FastTransform,
    title = {{Fast and accurate short read alignment with Burrows-Wheeler transform}},
    year = {2009},
    journal = {Bioinformatics},
    author = {Li, Heng and Durbin, Richard},
    isbn = {1367-4811 (Electronic){\textbackslash}r1367-4803 (Linking)},
    doi = {10.1093/bioinformatics/btp324},
    issn = {13674803},
    pmid = {19451168},
    arxivId = {1303.3997}
}

@inproceedings{Ghosh2015FastDatabases,
    title = {{Fast Compaction Algorithms for NoSQL Databases}},
    year = {2015},
    booktitle = {Proceedings - International Conference on Distributed Computing Systems},
    author = {Ghosh, Mainak and Gupta, Indranil and Gupta, Shalmoli and Kumar, Nirman},
    isbn = {9781467372145},
    doi = {10.1109/ICDCS.2015.53},
    issn = {1552-4256},
    keywords = {compaction, greedy approximation algorithm, nosql, np-hard}
}

@inproceedings{Gog2014FromStructures,
    title = {{From theory to practice: Plug and play with succinct data structures}},
    year = {2014},
    booktitle = {Lecture Notes in Computer Science (including subseries Lecture Notes in Artificial Intelligence and Lecture Notes in Bioinformatics)},
    author = {Gog, Simon and Beller, Timo and Moffat, Alistair and Petri, Matthias},
    isbn = {9783319079585},
    doi = {10.1007/978-3-319-07959-2_28},
    issn = {16113349},
    arxivId = {1311.1249}
}

@article{Solomon2018ImprovedTrees,
    title = {{Improved Search of Large Transcriptomic Sequencing Databases Using Split Sequence Bloom Trees}},
    year = {2018},
    journal = {Journal of Computational Biology},
    author = {Solomon, Brad and Kingsford, Carl},
    number = {7},
    month = {7},
    pages = {755--765},
    volume = {25},
    publisher = {Mary Ann Liebert, Inc.},
    url = {http://www.liebertpub.com/doi/10.1089/cmb.2017.0265},
    doi = {10.1089/cmb.2017.0265},
    issn = {1557-8666},
    keywords = {RNA-seq, data indexing, sequence bloom trees, sequence search.}
}

@article{Siren2014IndexingResearch,
    title = {{Indexing Graphs for Path Queries with Applications in Genome Research}},
    year = {2014},
    journal = {IEEE/ACM Transactions on Computational Biology and Bioinformatics},
    author = {Siren, Jouni and Valimaki, Niko and Makinen, Veli},
    number = {2},
    month = {3},
    pages = {375--388},
    volume = {11},
    publisher = {IEEE Computer Society Press},
    url = {http://ieeexplore.ieee.org/document/6698337/},
    doi = {10.1109/TCBB.2013.2297101},
    issn = {1545-5963},
    keywords = {extended Burrows-Wheeler transform, graph indexing, pan-genome indexing, read alignment, variation calling}
}

@inproceedings{Brisaboa2009K2-treesRepresentation,
    title = {{k2-trees for compact web graph representation}},
    year = {2009},
    booktitle = {Lecture Notes in Computer Science (including subseries Lecture Notes in Artificial Intelligence and Lecture Notes in Bioinformatics)},
    author = {Brisaboa, Nieves R. and Ladra, Susana and Navarro, Gonzalo},
    isbn = {3642037836},
    doi = {10.1007/978-3-642-03784-9_3},
    issn = {03029743}
}

@article{Pandey2018Mantis:Index,
    title = {{Mantis: A Fast, Small, and Exact Large-Scale Sequence-Search Index}},
    year = {2018},
    journal = {Cell Systems},
    author = {Pandey, Prashant and Almodaresi, Fatemeh and Bender, Michael A and Ferdman, Michael and Johnson, Rob and Patro, Rob},
    month = {7},
    publisher = {Elsevier},
    url = {http://dx.doi.org/10.1016/j.cels.2018.05.021},
    doi = {10.1016/j.cels.2018.05.021},
    issn = {2405-4712}
}

@article{Church2011ModernizingAssemblies,
    title = {{Modernizing Reference Genome Assemblies}},
    year = {2011},
    journal = {PLoS Biology},
    author = {Church, Deanna M. and Schneider, Valerie A. and Graves, Tina and Auger, Katherine and Cunningham, Fiona and Bouk, Nathan and Chen, Hsiu-Chuan and Agarwala, Richa and McLaren, William M. and Ritchie, Graham R.S. and Albracht, Derek and Kremitzki, Milinn and Rock, Susan and Kotkiewicz, Holland and Kremitzki, Colin and Wollam, Aye and Trani, Lee and Fulton, Lucinda and Fulton, Robert and Matthews, Lucy and Whitehead, Siobhan and Chow, Will and Torrance, James and Dunn, Matthew and Harden, Glenn and Threadgold, Glen and Wood, Jonathan and Collins, Joanna and Heath, Paul and Griffiths, Guy and Pelan, Sarah and Grafham, Darren and E. Eichler, Evan and Weinstock, George and Mardis, Elaine R. and Wilson, Richard K. and Howe, Kerstin and Flicek, Paul and Hubbard, Tim},
    number = {7},
    month = {7},
    pages = {e1001091},
    volume = {9},
    publisher = {Public Library of Science},
    url = {https://dx.plos.org/10.1371/journal.pbio.1001091},
    doi = {10.1371/journal.pbio.1001091},
    issn = {1545-7885}
}

@inproceedings{Okanohara2007PracticalDictionary,
    title = {{Practical entropy-compressed rank/select dictionary}},
    year = {2007},
    booktitle = {Proceedings of the Meeting on Algorithm Engineering {\&} Expermiments},
    author = {Okanohara, Daisuke and Sadakane, Kunihiko},
    pages = {60--70},
    publisher = {Society for Industrial and Applied Mathematics},
    url = {https://dl.acm.org/citation.cfm?id=2791194}
}

@InProceedings{Almodaresi2017Rainbowfish:Representation,
  author =  {Fatemeh Almodaresi and Prashant Pandey and Rob Patro},
  title =   {{Rainbowfish: A Succinct Colored de Bruijn Graph Representation}},
  booktitle =   {17th International Workshop on Algorithms in Bioinformatics (WABI 2017)},
  pages =   {18:1--18:15},
  series =  {Leibniz International Proceedings in Informatics (LIPIcs)},
  ISBN =    {978-3-95977-050-7},
  ISSN =    {1868-8969},
  year =    {2017},
  volume =  {88},
  editor =  {Russell Schwartz and Knut Reinert},
  publisher =   {Schloss Dagstuhl--Leibniz-Zentrum fuer Informatik},
  address = {Dagstuhl, Germany},
  URL =     {http://drops.dagstuhl.de/opus/volltexte/2017/7657},
  URN =     {urn:nbn:de:0030-drops-76576},
  doi =     {10.4230/LIPIcs.WABI.2017.18},
  annote =  {Keywords: de Bruijn graph, succinct data structures, rank and select operation, colored de Bruijn graph}
 }

@article{Alipanahi2018ResistomeGraphs,
    title = {{Resistome SNP Calling via Read Colored de Bruijn Graphs}},
    year = {2018},
    journal = {bioRxiv},
    author = {Alipanahi, Bahar and Muggli, Martin D. and Jundi, Musa and Noyes, Noelle and Boucher, Christina},
    doi = {10.1101/156174}
}

@article{Chikhi2013Space-efficientFilter,
    title = {{Space-efficient and exact de Bruijn graph representation based on a Bloom filter}},
    year = {2013},
    journal = {Algorithms for Molecular Biology},
    author = {Chikhi, Rayan and Rizk, Guillaume},
    number = {1},
    month = {9},
    pages = {22},
    volume = {8},
    publisher = {BioMed Central},
    url = {http://almob.biomedcentral.com/articles/10.1186/1748-7188-8-22},
    doi = {10.1186/1748-7188-8-22},
    issn = {1748-7188},
    keywords = {Algorithms, Bioinformatics, Cellular and Medical Topics, Computational Biology/Bioinformatics, Physiological}
}

@article{Muggli2017SuccinctGraphs,
    title = {{Succinct colored de Bruijn graphs}},
    year = {2017},
    journal = {Bioinformatics},
    author = {Muggli, Martin D. and Bowe, Alexander and Noyes, Noelle R. and Morley, Paul S. and Belk, Keith E. and Raymond, Robert and Gagie, Travis and Puglisi, Simon J. and Boucher, Christina},
    isbn = {13674811 (Electronic)},
    doi = {10.1093/bioinformatics/btx067},
    issn = {14602059},
    pmid = {28200001}
}

@inproceedings{Bowe2012SuccinctGraphs,
    title = {{Succinct de Bruijn graphs}},
    year = {2012},
    booktitle = {Lecture Notes in Computer Science (including subseries Lecture Notes in Artificial Intelligence and Lecture Notes in Bioinformatics)},
    author = {Bowe, Alexander and Onodera, Taku and Sadakane, Kunihiko and Shibuya, Tetsuo},
    isbn = {9783642331213},
    doi = {10.1007/978-3-642-33122-0_18},
    issn = {03029743},
    pmid = {4520227},
    arxivId = {1010.2656}
}

@article{Raman2002Succinct,
    author = {Raman, Rajeev and Raman, Venkatesh and Satti, Srinivasa Rao},
    title = {Succinct Indexable Dictionaries with Applications to Encoding K-Ary Trees, Prefix Sums and Multisets},
    year = {2007},
    issue_date = {November 2007},
    publisher = {Association for Computing Machinery},
    address = {New York, NY, USA},
    volume = {3},
    number = {4},
    issn = {1549-6325},
    url = {https://doi.org/10.1145/1290672.1290680},
    doi = {10.1145/1290672.1290680},
    journal = {ACM Transactions on Algorithms},
    month = {nov},
    pages = {43–es},
    numpages = {25},
}

@article{elias1974efficient,
	author = {Elias, Peter},
	title = {Efficient Storage and Retrieval by Content and Address of Static Files},
	year = {1974},
	issue_date = {April 1974},
	publisher = {Association for Computing Machinery},
	address = {New York, NY, USA},
	volume = {21},
	number = {2},
	issn = {0004-5411},
	url = {https://doi.org/10.1145/321812.321820},
	doi = {10.1145/321812.321820},
	journal = {J. ACM},
	month = {apr},
	pages = {246–260},
	numpages = {15}
}

@book{fano1971number,
	author = {Fano, R.  M.},
	date = {1972},
	id = {500530305},
	la = {English},
	publisher = {MIT Project MAC Computer Structures Group},
	title = {On the number of bits required to implement an associative memory},
	year = {1972}
}

@article{Weigel2009TheThaliana,
    title = {{The 1001 Genomes Project for Arabidopsis thaliana}},
    year = {2009},
    journal = {Genome Biology},
    author = {Weigel, Detlef and Mott, Richard},
    number = {5},
    month = {5},
    pages = {107},
    volume = {10},
    publisher = {BioMed Central},
    url = {http://genomebiology.biomedcentral.com/articles/10.1186/gb-2009-10-5-107},
    doi = {10.1186/gb-2009-10-5-107},
    issn = {1465-6906},
    keywords = {Animal Genetics and Genomics, Bioinformatics, Evolutionary Biology, Human Genetics, Microbial Genetics and Genomics, Plant Genetics {\&} Genomics}
}

@article{Walter2015TheDisease,
    title = {{The UK10K project identifies rare variants in health and disease}},
    year = {2015},
    journal = {Nature},
    author = {Walter, Klaudia and Min, Josine L. and Huang, Jie and Crooks, Lucy and Memari, Yasin and McCarthy, Shane and Perry, John R.B. and Xu, Changjiang and Futema, Marta and Lawson, Daniel and Iotchkova, Valentina and Schiffels, Stephan and Hendricks, Audrey E. and Danecek, Petr and Li, Rui and Floyd, James and Wain, Louise V. and Barroso, Inês and Humphries, Steve E. and Hurles, Matthew E. and Zeggini, Eleftheria and Barrett, Jeffrey C. and Plagnol, Vincent and Richards, J. Brent and Greenwood, Celia M.T. and Timpson, Nicholas J. and Durbin, Richard and Bala, Senduran and Clapham, Peter and Coates, Guy and Cox, Tony and Daly, Allan and Du, Yuanping and Edkins, Sarah and Ellis, Peter and Flicek, Paul and Guo, Xiaosen and Guo, Xueqin and Huang, Liren and Jackson, David K. and Joyce, Chris and Keane, Thomas and Kolb-Kokocinski, Anja and Langford, Cordelia and Li, Yingrui and Liang, Jieqin and Lin, Hong and Liu, Ryan and Maslen, John and Muddyman, Dawn and Quail, Michael A. and Stalker, Jim and Sun, Jianping and Tian, Jing and Wang, Guangbiao and Wang, Jun and Wang, Yu and Wong, Kim and Zhang, Pingbo and Birney, Ewan and Boustred, Chris and Chen, Lu and Clement, Gail and Cocca, Massimiliano and Smith, George Davey and Day, Ian N.M. and Day-Williams, Aaron and Down, Thomas and Dunham, Ian and Evans, David M. and Gaunt, Tom R. and Geihs, Matthias and Hart, Deborah and Howie, Bryan and Hubbard, Tim and Hysi, Pirro and Jamshidi, Yalda and Karczewski, Konrad J. and Kemp, John P. and Lachance, Genevieve and Lek, Monkol and Lopes, Margarida and MacArthur, Daniel G. and Marchini, Jonathan and Mangino, Massimo and Mathieson, Iain and Metrustry, Sarah and Moayyeri, Alireza and Northstone, Kate and Panoutsopoulou, Kalliope and Paternoster, Lavinia and Quaye, Lydia and Ring, Susan and Ritchie, Graham R.S. and Shihab, Hashem A. and Shin, So Youn and Small, Kerrin S. and Artigas, María Soler and Soranzo, Nicole and Southam, Lorraine and Spector, Timothy D. and St Pourcain, Beate and Surdulescu, Gabriela and Tachmazidou, Ioanna and Tobin, Martin D. and Valdes, Ana M. and Visscher, Peter M. and Ward, Kirsten and Wilson, Scott G. and Yang, Jian and Zhang, Feng and Zheng, Hou Feng and Anney, Richard and Ayub, Muhammad and Blackwood, Douglas and Bolton, Patrick F. and Breen, Gerome and Collier, David A. and Craddock, Nick and Curran, Sarah and Curtis, David and Gallagher, Louise and Geschwind, Daniel and Gurling, Hugh and Holmans, Peter and Lee, Irene and L{\"{o}}nnqvist, Jouko and McGuffin, Peter and McIntosh, Andrew M. and McKechanie, Andrew G. and McQuillin, Andrew and Morris, James and O'Donovan, Michael C. and Owen, Michael J. and Palotie, Aarno and Parr, Jeremy R. and Paunio, Tiina and Pietilainen, Olli and Rehnstr{\"{o}}m, Karola and Sharp, Sally I. and Skuse, David and St Clair, David and Suvisaari, Jaana and Walters, James T.R. and Williams, Hywel J. and Bochukova, Elena and Bounds, Rebecca and Dominiczak, Anna and Farooqi, I. Sadaf and Keogh, Julia and Marenne, Gaëlle and Morris, Andrew and O'Rahilly, Stephen and Porteous, David J. and Smith, Blair H. and Wheeler, Eleanor and Al Turki, Saeed and Anderson, Carl A. and Antony, Dinu and Beales, Phil and Bentham, Jamie and Bhattacharya, Shoumo and Calissano, Mattia and Carss, Keren and Chatterjee, Krishna and Cirak, Sebahattin and Cosgrove, Catherine and Fitzpatrick, David R. and Foley, A. Reghan and Franklin, Christopher S. and Grozeva, Detelina and Mitchison, Hannah M. and Muntoni, Francesco and Onoufriadis, Alexandros and Parker, Victoria and Payne, Felicity and Raymond, F. Lucy and Roberts, Nicola and Savage, David B. and Scambler, Peter and Schmidts, Miriam and Schoenmakers, Nadia and Semple, Robert K. and Serra, Eva and Spasic-Boskovic, Olivera and Stevens, Elizabeth and Van Kogelenberg, Margriet and Vijayarangakannan, Parthiban and Williamson, Kathleen A. and Wilson, Crispian and Whyte, Tamieka and Ciampi, Antonio and Oualkacha, Karim and Bobrow, Martin and Griffin, Heather and Kaye, Jane and Kennedy, Karen and Kent, Alastair and Smee, Carol and Charlton, Ruth and Ekong, Rosemary and Khawaja, Farrah and Lopes, Luis R. and Migone, Nicola and Payne, Stewart J. and Pollitt, Rebecca C. and Povey, Sue and Ridout, Cheryl K. and Robinson, Rachel L. and Scott, Richard H. and Shaw, Adam and Syrris, Petros and Taylor, Rohan and Vandersteen, Anthony M. and Amuzu, Antoinette and Casas, Juan Pablo and Chambers, John C. and Dedoussis, George and Gambaro, Giovanni and Gasparini, Paolo and Isaacs, Aaron and Johnson, Jon and Kleber, Marcus E. and Kooner, Jaspal S. and Langenberg, Claudia and Luan, Jian'an and Malerba, Giovanni and M{\"{a}}rz, Winfried and Matchan, Angela and Morris, Richard and Nordestgaard, Børge G. and Benn, Marianne and Scott, Robert A. and Toniolo, Daniela and Traglia, Michela and Tybjaerg-Hansen, Anne and Van Duijn, Cornelia M. and Van Leeuwen, Elisabeth M. and Varbo, Anette and Whincup, Peter and Zaza, Gianluigi and Zhang, Weihua},
    number = {7571},
    month = {10},
    pages = {82--89},
    volume = {526},
    publisher = {Nature Publishing Group},
    url = {http://www.nature.com/articles/nature14962},
    isbn = {0000017892},
    doi = {10.1038/nature14962},
    issn = {14764687},
    pmid = {26367797},
    keywords = {Genome, Next, generation sequencing, wide association studies}
}

@article{Langmead2009UltrafastGenome,
    author = {Langmead, Ben and Trapnell, Cole and Pop, Mihai and Salzberg, Steven L.},
    doi = {10.1186/gb-2009-10-3-r25},
    id = {Langmead2009},
    isbn = {1474-760X},
    journal = {Genome Biology},
    number = {3},
    pages = {R25},
    title = {{Ultrafast and memory-efficient alignment of short DNA sequences to the human genome}},
    url = {https://doi.org/10.1186/gb-2009-10-3-r25},
    volume = {10},
    year = {2009}
}

@article{Salikhov2014UsingGraphs,
    title = {{Using cascading Bloom filters to improve the memory usage for de Brujin graphs}},
    year = {2014},
    journal = {Algorithms for Molecular Biology},
    author = {Salikhov, Kamil and Sacomoto, Gustavo and Kucherov, Gregory},
    number = {1},
    month = {2},
    pages = {2},
    volume = {9},
    publisher = {BioMed Central},
    url = {http://almob.biomedcentral.com/articles/10.1186/1748-7188-9-2},
    doi = {10.1186/1748-7188-9-2},
    issn = {1748-7188},
    keywords = {Algorithms, Bioinformatics, Cellular and Medical Topics, Computational Biology/Bioinformatics, Physiological}
}

@misc{ENAstats,
  title = {ENA Statistics -- Assembled/annotated sequence growth},
  author = {European Nucleotide Archive},
  howpublished = {\url{https://www.ebi.ac.uk/ena/about/statistics}},
  note = {Accessed: 2020-05-26}
}

@article{ondov2016mash,
    author = {Ondov, Brian D. and Treangen, Todd J. and Melsted, P{\'a}ll and Mallonee, Adam B. and Bergman, Nicholas H. and Koren, Sergey and Phillippy, Adam M.},
    doi = {10.1186/s13059-016-0997-x},
    id = {Ondov2016},
    isbn = {1474-760X},
    journal = {Genome Biology},
    number = {1},
    pages = {132},
    title = {Mash: fast genome and metagenome distance estimation using MinHash},
    url = {https://doi.org/10.1186/s13059-016-0997-x},
    volume = {17},
    year = {2016},
}

@inproceedings{flajolet2007hyperloglog,
  title={Hyperloglog: the analysis of a near-optimal cardinality estimation algorithm},
  author={Flajolet, Philippe and Fusy, {\'E}ric and Gandouet, Olivier and Meunier, Fr{\'e}d{\'e}ric},
  booktitle={Discrete Mathematics and Theoretical Computer Science},
  pages={137--156},
  year={2007},
  organization={Discrete Mathematics and Theoretical Computer Science}
}

@article{breitwieser2018krakenuniq,
    author = {Breitwieser, F. P. and Baker, D. N. and Salzberg, S. L.},
    doi = {10.1186/s13059-018-1568-0},
    id = {Breitwieser2018},
    isbn = {1474-760X},
    journal = {Genome Biology},
    number = {1},
    pages = {198},
    title = {KrakenUniq: confident and fast metagenomics classification using unique k-mer counts},
    url = {https://doi.org/10.1186/s13059-018-1568-0},
    volume = {19},
    year = {2018}
}

@article{bradley2019ultrafast,
    author = {Bradley, Phelim and den Bakker, Henk C. and Rocha, Eduardo P. C. and McVean, Gil and Iqbal, Zamin},
    doi = {10.1038/s41587-018-0010-1},
    id = {Bradley2019},
    isbn = {1546-1696},
    journal = {Nature Biotechnology},
    number = {2},
    pages = {152--159},
    title = {Ultrafast search of all deposited bacterial and viral genomic data},
    url = {https://doi.org/10.1038/s41587-018-0010-1},
    volume = {37},
    year = {2019}
}

@article{Conway2011,
author = {Conway, Thomas C. and Bromage, Andrew J.},
doi = {10.1093/bioinformatics/btq697},
issn = {1460-2059},
journal = {Bioinformatics},
month = {feb},
number = {4},
pages = {479--486},
publisher = {Oxford University Press},
title = {{Succinct data structures for assembling large genomes}},
url = {https://academic.oup.com/bioinformatics/article-lookup/doi/10.1093/bioinformatics/btq697},
volume = {27},
year = {2011}
}

@article{karasikov2019sparse,
  title={Sparse binary relation representations for genome graph annotation},
author={Karasikov, Mikhail and Mustafa, Harun and Joudaki, Amir and Javadzadeh-No, Sara and R{\"a}tsch, Gunnar and Kahles, Andr{\'e}},
journal={Journal of Computational Biology},
volume={27},
number={4},
pages={626--639},
year={2020},
doi={10.1089/cmb.2019.0324},
publisher={Mary Ann Liebert, Inc.}
}

@inproceedings{bingmann2019cobs,
author="Bingmann, Timo
and Bradley, Phelim
and Gauger, Florian
and Iqbal, Zamin",
editor="Brisaboa, Nieves R.
and Puglisi, Simon J.",
title="COBS: A Compact Bit-Sliced Signature Index",
booktitle="String Processing and Information Retrieval",
year="2019",
publisher="Springer International Publishing",
address="Cham",
pages="285--303",
isbn="978-3-030-32686-9",
doi="10.1007/978-3-030-32686-9_21"
}

@article{tully2018reconstruction,
    author = {Tully, Benjamin J. and Graham, Elaina D. and Heidelberg, John F.},
    doi = {10.1038/sdata.2017.203},
    id = {Tully2018},
    isbn = {2052-4463},
    journal = {Scientific Data},
    number = {1},
    pages = {170203},
    title = {The reconstruction of 2,631 draft metagenome-assembled genomes from the global oceans},
    url = {https://doi.org/10.1038/sdata.2017.203},
    volume = {5},
    year = {2018},
}

@article{li2015megahit,
    author = {Li, Dinghua and Liu, Chi-Man and Luo, Ruibang and Sadakane, Kunihiko and Lam, Tak-Wah},
    title = "{MEGAHIT: an ultra-fast single-node solution for large and complex metagenomics assembly via succinct de Bruijn graph}",
    journal = {Bioinformatics},
    volume = {31},
    number = {10},
    pages = {1674-1676},
    year = {2015},
    month = {01},
    issn = {1367-4803},
    doi = {10.1093/bioinformatics/btv033},
    url = {https://doi.org/10.1093/bioinformatics/btv033},
}

@article{schreiber2019metagenomic,
  author = {Schreiber, Peter W and Kufner, Verena and Hübel, Kerstin and Schmutz, Stefan and Zagordi, Osvaldo and Kaur, Amandeep and Bayard, Cornelia and Greiner, Michael and Zbinden, Andrea and Capaul, Riccarda and Böni, Jürg and Hirsch, Hans H and Mueller, Thomas F and Mueller, Nicolas J and Trkola, Alexandra and Huber, Michael},
  title = "{Metagenomic Virome Sequencing in Living Donor and Recipient Kidney Transplant Pairs Revealed JC Polyomavirus Transmission}",
  journal = {Clinical Infectious Diseases},
  volume = {69},
  number = {6},
  pages = {987-994},
  year = {2018},
  month = {12},
  issn = {1058-4838},
  doi = {10.1093/cid/ciy1018},
  url = {https://doi.org/10.1093/cid/ciy1018},
}

@inproceedings{Pandey2017,
	title = {{A General-Purpose Counting Filter: Making Every Bit Count}},
	year = {2017},
	booktitle = {SIGMOD '17: Proceedings of the 2017 ACM International Conference on Management of Data},
	author = {Pandey, Prashant and Bender, Michael A. and Johnson, Rob and Patro, Rob},
	pages = {775--787},
	publisher = {ACM Press},
	url = {http://dl.acm.org/citation.cfm?doid=3035918.3035963},
	address = {New York, New York, USA},
	isbn = {9781450341974},
	doi = {10.1145/3035918.3035963},
}

@article{Pandey2018a,
	title = {{Squeakr: an exact and approximate k-mer counting system}},
	year = {2018},
	journal = {Bioinformatics},
	author = {Pandey, Prashant and Bender, Michael A and Johnson, Rob and Patro, Rob},
	editor = {Berger, Bonnie},
	number = {4},
	month = {2},
	pages = {568--575},
	volume = {34},
	publisher = {Oxford University Press},
	url = {https://academic.oup.com/bioinformatics/article/34/4/568/4386917},
	doi = {10.1093/bioinformatics/btx636},
	issn = {1367-4803}
}

@InProceedings{10.1007/978-3-030-32686-9_24,
author="Egidi, Lavinia
and Louza, Felipe A.
and Manzini, Giovanni",
editor="Brisaboa, Nieves R.
and Puglisi, Simon J.",
title="Space-Efficient Merging of Succinct de Bruijn Graphs",
booktitle="String Processing and Information Retrieval",
year="2019",
publisher="Springer International Publishing",
address="Cham",
pages="337--351",
isbn="978-3-030-32686-9",
doi="10.1007/978-3-030-32686-9_24"
}

@inproceedings{almodaresi2019efficient,
    author = {Almodaresi, Fatemeh and Pandey, Prashant and Ferdman, Michael and Johnson, Rob and Patro, Rob},
    title = {An Efficient, Scalable, and Exact Representation of High-Dimensional Color Information Enabled Using de Bruijn Graph Search},
    journal = {Journal of Computational Biology},
    volume = {27},
    number = {4},
    pages = {485-499},
    year = {2020},
    doi = {10.1089/cmb.2019.0322},
}

@article{alipanahi2020metagenome,
    author = {Alipanahi, Bahar and Muggli, Martin D and Jundi, Musa and Noyes, Noelle R and Boucher, Christina},
    title = "{Metagenome SNP calling via read-colored de Bruijn graphs}",
    journal = {Bioinformatics},
    volume = {36},
    number = {22-23},
    pages = {5275-5281},
    year = {2020},
    month = {02},
    issn = {1367-4803},
    doi = {10.1093/bioinformatics/btaa081},
    url = {https://doi.org/10.1093/bioinformatics/btaa081},
}

@inproceedings{georganas2015hipmer,
  title={HipMer: an extreme-scale de novo genome assembler},
  author={Georganas, Evangelos and Bulu{\c{c}}, Ayd{\i}n and Chapman, Jarrod and Hofmeyr, Steven and Aluru, Chaitanya and Egan, Rob and Oliker, Leonid and Rokhsar, Daniel and Yelick, Katherine},
  booktitle={SC'15: Proceedings of the International Conference for High Performance Computing, Networking, Storage and Analysis},
  pages={1--11},
  doi={10.1145/2807591.2807664},
  year={2015},
  organization={IEEE}
}
@inproceedings{georganas2018extreme,
  title={Extreme scale de novo metagenome assembly},
  author={Georganas, Evangelos and Egan, Rob and Hofmeyr, Steven and Goltsman, Eugene and Arndt, Bill and Tritt, Andrew and Bulu{\c{c}}, Aydin and Oliker, Leonid and Yelick, Katherine},
  booktitle={SC18: International Conference for High Performance Computing, Networking, Storage and Analysis},
  pages={122--134},
  doi={10.1109/SC.2018.00013},
  year={2018},
  organization={IEEE}
}

@article{bankevich2012spades,
  title={SPAdes: a new genome assembly algorithm and its applications to single-cell sequencing},
  author={Bankevich, Anton and Nurk, Sergey and Antipov, Dmitry and Gurevich, Alexey A. and Dvorkin, Mikhail and Kulikov, Alexander S. and Lesin, Valery M. and Nikolenko, Sergey I. and Pham, Son and Prjibelski, Andrey D. and Pyshkin, Alexey V. and Sirotkin, Alexander V. and Vyahhi, Nikolay and Tesler, Glenn and Alekseyev, Max A. and Pevzner, Pavel A.},
  journal={Journal of Computational Biology},
  volume={19},
  number={5},
  pages={455--477},
  year={2012},
  doi = {10.1089/cmb.2012.0021},
  publisher={Mary Ann Liebert, Inc.}
}

@article{nurk2017metaspades,
    title={metaSPAdes: a new versatile metagenomic assembler},
    auid = {ORCID: 0000-0002-2937-9259},
    author = {Nurk, Sergey and Meleshko, Dmitry and Korobeynikov, Anton and Pevzner, Pavel A},
    crdt = {2017/03/17 06:00},
    dcom = {20180112},
    dep = {20170315},
    doi = {10.1101/gr.213959.116},
    edat = {2017/03/17 06:00},
    issn = {1549-5469 (Electronic); 1088-9051 (Print); 1088-9051 (Linking)},
    jid = {9518021},
    journal = {Genome Research},
    jt = {Genome research},
    lid = {10.1101/gr.213959.116 {$[$}doi{$]$}},
    lr = {20220408},
    mh = {Contig Mapping/*methods; Genome, Bacterial; Genomics/*methods; *Metagenome; Sequence Analysis, DNA/*methods; *Software},
    mhda = {2018/01/13 06:00},
    month = {May},
    number = {5},
    own = {NLM},
    pages = {824--834},
    phst = {2016/08/01 00:00 {$[$}received{$]$}; 2017/03/13 00:00 {$[$}accepted{$]$}; 2017/03/17 06:00 {$[$}pubmed{$]$}; 2018/01/13 06:00 {$[$}medline{$]$}; 2017/03/17 06:00 {$[$}entrez{$]$}},
    pii = {gr.213959.116},
    pl = {United States},
    pmc = {PMC5411777},
    pmid = {28298430},
    pst = {ppublish},
    pt = {Journal Article; Research Support, Non-U.S. Gov't},
    sb = {IM},
    status = {MEDLINE},
    volume = {27},
    year = {2017},
}

@article{turner2018integrating,
    author = {Turner, Isaac and Garimella, Kiran V and Iqbal, Zamin and McVean, Gil},
    title = "{Integrating long-range connectivity information into de Bruijn graphs}",
    journal = {Bioinformatics},
    volume = {34},
    number = {15},
    pages = {2556-2565},
    year = {2018},
    month = {03},
    issn = {1367-4803},
    doi = {10.1093/bioinformatics/bty157},
    url = {https://doi.org/10.1093/bioinformatics/bty157},
}
@article{karczewski2020mutational,
    author = {Karczewski, Konrad J. and Francioli, Laurent C. and Tiao, Grace and Cummings, Beryl B. and Alf{\"o}ldi, Jessica and Wang, Qingbo and Collins, Ryan L. and Laricchia, Kristen M. and Ganna, Andrea and Birnbaum, Daniel P. and Gauthier, Laura D. and Brand, Harrison and Solomonson, Matthew and Watts, Nicholas A. and Rhodes, Daniel and Singer-Berk, Moriel and England, Eleina M. and Seaby, Eleanor G. and Kosmicki, Jack A. and Walters, Raymond K. and Tashman, Katherine and Farjoun, Yossi and Banks, Eric and Poterba, Timothy and Wang, Arcturus and Seed, Cotton and Whiffin, Nicola and Chong, Jessica X. and Samocha, Kaitlin E. and Pierce-Hoffman, Emma and Zappala, Zachary and O'Donnell-Luria, Anne H. and Minikel, Eric Vallabh and Weisburd, Ben and Lek, Monkol and Ware, James S. and Vittal, Christopher and Armean, Irina M. and Bergelson, Louis and Cibulskis, Kristian and Connolly, Kristen M. and Covarrubias, Miguel and Donnelly, Stacey and Ferriera, Steven and Gabriel, Stacey and Gentry, Jeff and Gupta, Namrata and Jeandet, Thibault and Kaplan, Diane and Llanwarne, Christopher and Munshi, Ruchi and Novod, Sam and Petrillo, Nikelle and Roazen, David and Ruano-Rubio, Valentin and Saltzman, Andrea and Schleicher, Molly and Soto, Jose and Tibbetts, Kathleen and Tolonen, Charlotte and Wade, Gordon and Talkowski, Michael E. and Aguilar Salinas, Carlos A. and Ahmad, Tariq and Albert, Christine M. and Ardissino, Diego and Atzmon, Gil and Barnard, John and Beaugerie, Laurent and Benjamin, Emelia J. and Boehnke, Michael and Bonnycastle, Lori L. and Bottinger, Erwin P. and Bowden, Donald W. and Bown, Matthew J. and Chambers, John C. and Chan, Juliana C. and Chasman, Daniel and Cho, Judy and Chung, Mina K. and Cohen, Bruce and Correa, Adolfo and Dabelea, Dana and Daly, Mark J. and Darbar, Dawood and Duggirala, Ravindranath and Dupuis, Jos{\'e}e and Ellinor, Patrick T. and Elosua, Roberto and Erdmann, Jeanette and Esko, T{\~o}nu and F{\"a}rkkil{\"a}, Martti and Florez, Jose and Franke, Andre and Getz, Gad and Glaser, Benjamin and Glatt, Stephen J. and Goldstein, David and Gonzalez, Clicerio and Groop, Leif and Haiman, Christopher and Hanis, Craig and Harms, Matthew and Hiltunen, Mikko and Holi, Matti M. and Hultman, Christina M. and Kallela, Mikko and Kaprio, Jaakko and Kathiresan, Sekar and Kim, Bong-Jo and Kim, Young Jin and Kirov, George and Kooner, Jaspal and Koskinen, Seppo and Krumholz, Harlan M. and Kugathasan, Subra and Kwak, Soo Heon and Laakso, Markku and Lehtim{\"a}ki, Terho and Loos, Ruth J. F. and Lubitz, Steven A. and Ma, Ronald C. W. and MacArthur, Daniel G. and Marrugat, Jaume and Mattila, Kari M. and McCarroll, Steven and McCarthy, Mark I. and McGovern, Dermot and McPherson, Ruth and Meigs, James B. and Melander, Olle and Metspalu, Andres and Neale, Benjamin M. and Nilsson, Peter M. and O'Donovan, Michael C. and Ongur, Dost and Orozco, Lorena and Owen, Michael J. and Palmer, Colin N. A. and Palotie, Aarno and Park, Kyong Soo and Pato, Carlos and Pulver, Ann E. and Rahman, Nazneen and Remes, Anne M. and Rioux, John D. and Ripatti, Samuli and Roden, Dan M. and Saleheen, Danish and Salomaa, Veikko and Samani, Nilesh J. and Scharf, Jeremiah and Schunkert, Heribert and Shoemaker, Moore B. and Sklar, Pamela and Soininen, Hilkka and Sokol, Harry and Spector, Tim and Sullivan, Patrick F. and Suvisaari, Jaana and Tai, E. Shyong and Teo, Yik Ying and Tiinamaija, Tuomi and Tsuang, Ming and Turner, Dan and Tusie-Luna, Teresa and Vartiainen, Erkki and Vawter, Marquis P. and Ware, James S. and Watkins, Hugh and Weersma, Rinse K. and Wessman, Maija and Wilson, James G. and Xavier, Ramnik J. and Neale, Benjamin M. and Daly, Mark J. and MacArthur, Daniel G. and Genome Aggregation Database Consortium},
    doi = {10.1038/s41586-020-2308-7},
    isbn = {1476-4687},
    journal = {Nature},
    number = {7809},
    pages = {434--443},
    title = {The mutational constraint spectrum quantified from variation in 141,456 humans},
    url = {https://doi.org/10.1038/s41586-020-2308-7},
    volume = {581},
    year = {2020}
}
@article{weinstein2013cancer,
	author = {Chang, Kyle and Creighton, Chad J and Davis, Caleb and Donehower, Lawrence and Drummond, Jennifer and Wheeler, David and Ally, Adrian and Balasundaram, Miruna and Birol, Inanc and Butterfield, Yaron S N and Chu, Andy and Chuah, Eric and Chun, Hye-Jung E and Dhalla, Noreen and Guin, Ranabir and Hirst, Martin and Hirst, Carrie and Holt, Robert A and Jones, Steven J M and Lee, Darlene and Li, Haiyan I and Marra, Marco A and Mayo, Michael and Moore, Richard A and Mungall, Andrew J and Robertson, A Gordon and Schein, Jacqueline E and Sipahimalani, Payal and Tam, Angela and Thiessen, Nina and Varhol, Richard J and Beroukhim, Rameen and Bhatt, Ami S and Brooks, Angela N and Cherniack, Andrew D and Freeman, Samuel S and Gabriel, Stacey B and Helman, Elena and Jung, Joonil and Meyerson, Matthew and Ojesina, Akinyemi I and Pedamallu, Chandra Sekhar and Saksena, Gordon and Schumacher, Steven E and Tabak, Barbara and Zack, Travis and Lander, Eric S and Bristow, Christopher A and Hadjipanayis, Angela and Haseley, Psalm and Kucherlapati, Raju and Lee, Semin and Lee, Eunjung and Luquette, Lovelace J and Mahadeshwar, Harshad S and Pantazi, Angeliki and Parfenov, Michael and Park, Peter J and Protopopov, Alexei and Ren, Xiaojia and Santoso, Netty and Seidman, Jonathan and Seth, Sahil and Song, Xingzhi and Tang, Jiabin and Xi, Ruibin and Xu, Andrew W and Yang, Lixing and Zeng, Dong and Auman, J Todd and Balu, Saianand and Buda, Elizabeth and Fan, Cheng and Hoadley, Katherine A and Jones, Corbin D and Meng, Shaowu and Mieczkowski, Piotr A and Parker, Joel S and Perou, Charles M and Roach, Jeffrey and Shi, Yan and Silva, Grace O and Tan, Donghui and Veluvolu, Umadevi and Waring, Scot and Wilkerson, Matthew D and Wu, Junyuan and Zhao, Wei and Bodenheimer, Tom and Hayes, D Neil and Hoyle, Alan P and Jeffreys, Stuart R and Mose, Lisle E and Simons, Janae V and Soloway, Mathew G and Baylin, Stephen B and Berman, Benjamin P and Bootwalla, Moiz S and Danilova, Ludmila and Herman, James G and Hinoue, Toshinori and Laird, Peter W and Rhie, Suhn K and Shen, Hui and Triche, Timothy and Weisenberger, Daniel J and Carter, Scott L and Cibulskis, Kristian and Chin, Lynda and Zhang, Jianhua and Getz, Gad and Sougnez, Carrie and Wang, Min and Dinh, Huyen and Doddapaneni, Harsha Vardhan and Gibbs, Richard and Gunaratne, Preethi and Han, Yi and Kalra, Divya and Kovar, Christie and Lewis, Lora and Morgan, Margaret and Morton, Donna and Muzny, Donna and Reid, Jeffrey and Xi, Liu and Cho, Juok and DiCara, Daniel and Frazer, Scott and Gehlenborg, Nils and Heiman, David I and Kim, Jaegil and Lawrence, Michael S and Lin, Pei and Liu, Yingchun and Noble, Michael S and Stojanov, Petar and Voet, Doug and Zhang, Hailei and Zou, Lihua and Stewart, Chip and Bernard, Brady and Bressler, Ryan and Eakin, Andrea and Iype, Lisa and Knijnenburg, Theo and Kramer, Roger and Kreisberg, Richard and Leinonen, Kalle and Lin, Jake and Liu, Yuexin and Miller, Michael and Reynolds, Sheila M and Rovira, Hector and Shmulevich, Ilya and Thorsson, Vesteinn and Yang, Da and Zhang, Wei and Amin, Samirkumar and Wu, Chang-Jiun and Wu, Chia-Chin and Akbani, Rehan and Aldape, Kenneth and Baggerly, Keith A and Broom, Bradley and Casasent, Tod D and Cleland, James and Creighton, Chad and Dodda, Deepti and Edgerton, Mary and Han, Leng and Herbrich, Shelley M and Ju, Zhenlin and Kim, Hoon and Lerner, Seth and Li, Jun and Liang, Han and Liu, Wenbin and Lorenzi, Philip L and Lu, Yiling and Melott, James and Mills, Gordon B and Nguyen, Lam and Su, Xiaoping and Verhaak, Roeland and Wang, Wenyi and Weinstein, John N and Wong, Andrew and Yang, Yang and Yao, Jun and Yao, Rong and Yoshihara, Kosuke and Yuan, Yuan and Yung, Alfred K and Zhang, Nianxiang and Zheng, Siyuan and Ryan, Michael and Kane, David W and Aksoy, B Arman and Ciriello, Giovanni and Dresdner, Gideon and Gao, Jianjiong and Gross, Benjamin and Jacobsen, Anders and Kahles, Andre and Ladanyi, Marc and Lee, William and Lehmann, Kjong-Van and Miller, Martin L and Ramirez, Ricardo and R{\"a}tsch, Gunnar and Reva, Boris and Sander, Chris and Schultz, Nikolaus and Senbabaoglu, Yasin and Shen, Ronglai and Sinha, Rileen and Sumer, S Onur and Sun, Yichao and Taylor, Barry S and Weinhold, Nils and Fei, Suzanne and Spellman, Paul and Benz, Christopher and Carlin, Daniel and Cline, Melisssa and Craft, Brian and Ellrott, Kyle and Goldman, Mary and Haussler, David and Ma, Singer and Ng, Sam and Paull, Evan and Radenbaugh, Amie and Salama, Sofie and Sokolov, Artem and Stuart, Joshua M and Swatloski, Teresa and Uzunangelov, Vladislav and Waltman, Peter and Yau, Christina and Zhu, Jing and Hamilton, Stanley R and Abbott, Scott and Abbott, Rachel and Dees, Nathan D and Delehaunty, Kim and Ding, Li and Dooling, David J and Eldred, Jim M and Fronick, Catrina C and Fulton, Robert and Fulton, Lucinda L and Kalicki-Veizer, Joelle and Kanchi, Krishna-Latha and Kandoth, Cyriac and Koboldt, Daniel C and Larson, David E and Ley, Timothy J and Lin, Ling and Lu, Charles and Magrini, Vincent J and Mardis, Elaine R and McLellan, Michael D and McMichael, Joshua F and Miller, Christopher A and O'Laughlin, Michelle and Pohl, Craig and Schmidt, Heather and Smith, Scott M and Walker, Jason and Wallis, John W and Wendl, Michael C and Wilson, Richard K and Wylie, Todd and Zhang, Qunyuan and Burton, Robert and Jensen, Mark A and Kahn, Ari and Pihl, Todd and Pot, David and Wan, Yunhu and Levine, Douglas A and Black, Aaron D and Bowen, Jay and The Cancer Genome Atlas Research Network and Genome Characterization Center and Genome Data Analysis Center and Sequencing Center and Data Coordinating Center and Tissue Source Site and Biospecimen Core Resource Center},
	date = {2013/10/01},
	doi = {10.1038/ng.2764},
	isbn = {1546-1718},
	journal = {Nature Genetics},
	number = {10},
	pages = {1113--1120},
	title = {The Cancer Genome Atlas Pan-Cancer analysis project},
	url = {https://doi.org/10.1038/ng.2764},
	volume = {45},
	year = {2013}
}

@article{rautiainen2019bit,
    author = {Rautiainen, Mikko and Mäkinen, Veli and Marschall, Tobias},
    title = "{Bit-parallel sequence-to-graph alignment}",
    journal = {Bioinformatics},
    volume = {35},
    number = {19},
    pages = {3599-3607},
    year = {2019},
    month = {03},
    issn = {1367-4803},
    doi = {10.1093/bioinformatics/btz162},
    url = {https://doi.org/10.1093/bioinformatics/btz162},
}
@article{rautiainen2020graphaligner,
    author = {Rautiainen, Mikko and Marschall, Tobias},
    doi = {10.1186/s13059-020-02157-2},
    id = {Rautiainen2020},
    isbn = {1474-760X},
    journal = {Genome Biology},
    number = {1},
    pages = {253},
    title = {GraphAligner: rapid and versatile sequence-to-graph alignment},
    url = {https://doi.org/10.1186/s13059-020-02157-2},
    volume = {21},
    year = {2020},
}
@article{dobin2013star,
    author = {Dobin, Alexander and Davis, Carrie A. and Schlesinger, Felix and Drenkow, Jorg and Zaleski, Chris and Jha, Sonali and Batut, Philippe and Chaisson, Mark and Gingeras, Thomas R.},
    title = "{STAR: ultrafast universal RNA-seq aligner}",
    journal = {Bioinformatics},
    volume = {29},
    number = {1},
    pages = {15-21},
    year = {2012},
    month = {10},
    issn = {1367-4803},
    doi = {10.1093/bioinformatics/bts635},
    url = {https://doi.org/10.1093/bioinformatics/bts635},
}
@article{daily2016parasail,
    author = {Daily, Jeff},
    doi = {10.1186/s12859-016-0930-z},
    id = {Daily2016},
    isbn = {1471-2105},
    journal = {BMC Bioinformatics},
    number = {1},
    pages = {81},
    title = {{Parasail: SIMD C library for global, semi-global, and local pairwise sequence alignments}},
    url = {https://doi.org/10.1186/s12859-016-0930-z},
    volume = {17},
    year = {2016}
}

@article{lonsdale2013genotype,
    author = {Lonsdale, John and Thomas, Jeffrey and Salvatore, Mike and Phillips, Rebecca and Lo, Edmund and Shad, Saboor and Hasz, Richard and Walters, Gary and Garcia, Fernando and Young, Nancy and Foster, Barbara and Moser, Mike and Karasik, Ellen and Gillard, Bryan and Ramsey, Kimberley and Sullivan, Susan and Bridge, Jason and Magazine, Harold and Syron, John and Fleming, Johnelle and Siminoff, Laura and Traino, Heather and Mosavel, Maghboeba and Barker, Laura and Jewell, Scott and Rohrer, Dan and Maxim, Dan and Filkins, Dana and Harbach, Philip and Cortadillo, Eddie and Berghuis, Bree and Turner, Lisa and Hudson, Eric and Feenstra, Kristin and Sobin, Leslie and Robb, James and Branton, Phillip and Korzeniewski, Greg and Shive, Charles and Tabor, David and Qi, Liqun and Groch, Kevin and Nampally, Sreenath and Buia, Steve and Zimmerman, Angela and Smith, Anna and Burges, Robin and Robinson, Karna and Valentino, Kim and Bradbury, Deborah and Cosentino, Mark and Diaz-Mayoral, Norma and Kennedy, Mary and Engel, Theresa and Williams, Penelope and Erickson, Kenyon and Ardlie, Kristin and Winckler, Wendy and Getz, Gad and DeLuca, David and MacArthur, Daniel and Kellis, Manolis and Thomson, Alexander and Young, Taylor and Gelfand, Ellen and Donovan, Molly and Meng, Yan and Grant, George and Mash, Deborah and Marcus, Yvonne and Basile, Margaret and Liu, Jun and Zhu, Jun and Tu, Zhidong and Cox, Nancy J and Nicolae, Dan L and Gamazon, Eric R and Im, Hae Kyung and Konkashbaev, Anuar and Pritchard, Jonathan and Stevens, Matthew and Flutre, Timoth{\`e}e and Wen, Xiaoquan and Dermitzakis, Emmanouil T and Lappalainen, Tuuli and Guigo, Roderic and Monlong, Jean and Sammeth, Michael and Koller, Daphne and Battle, Alexis and Mostafavi, Sara and McCarthy, Mark and Rivas, Manual and Maller, Julian and Rusyn, Ivan and Nobel, Andrew and Wright, Fred and Shabalin, Andrey and Feolo, Mike and Sharopova, Nataliya and Sturcke, Anne and Paschal, Justin and Anderson, James M and Wilder, Elizabeth L and Derr, Leslie K and Green, Eric D and Struewing, Jeffery P and Temple, Gary and Volpi, Simona and Boyer, Joy T and Thomson, Elizabeth J and Guyer, Mark S and Ng, Cathy and Abdallah, Assya and Colantuoni, Deborah and Insel, Thomas R and Koester, Susan E and Little, A Roger and Bender, Patrick K and Lehner, Thomas and Yao, Yin and Compton, Carolyn C and Vaught, Jimmie B and Sawyer, Sherilyn and Lockhart, Nicole C and Demchok, Joanne and Moore, Helen F},
    doi = {10.1038/ng.2653},
    isbn = {1546-1718},
    journal = {Nature Genetics},
    number = {6},
    pages = {580--585},
    title = {The Genotype-Tissue Expression (GTEx) project},
    url = {https://doi.org/10.1038/ng.2653},
    volume = {45},
    year = {2013}
}
@article{ondov2019mash,
  title={Mash Screen: High-throughput sequence containment estimation for genome discovery},
  author={Ondov, Brian D and Starrett, Gabriel J and Sappington, Anna and Kostic, Aleksandra and Koren, Sergey and Buck, Christopher B and Phillippy, Adam M},
  journal={Genome biology},
  volume={20},
  number={1},
  pages={232},
  year={2019},
  publisher={Springer}
}
@article{gotoh1982improved,
title = {An improved algorithm for matching biological sequences},
journal = {Journal of Molecular Biology},
volume = {162},
number = {3},
pages = {705-708},
year = {1982},
issn = {0022-2836},
doi = {10.1016/0022-2836(82)90398-9},
url = {https://www.sciencedirect.com/science/article/pii/0022283682903989},
author = {Osamu Gotoh},
}
@article{altschul1997gapped,
    author = {Altschul, Stephen F. and Madden, Thomas L. and Schäffer, Alejandro A. and Zhang, Jinghui and Zhang, Zheng and Miller, Webb and Lipman, David J.},
    title = "{Gapped BLAST and PSI-BLAST: a new generation of protein database search programs}",
    journal = {Nucleic Acids Research},
    volume = {25},
    number = {17},
    pages = {3389-3402},
    year = {1997},
    month = {09},
    issn = {0305-1048},
    doi = {10.1093/nar/25.17.3389},
    url = {https://doi.org/10.1093/nar/25.17.3389},
}
@article{zhang2000greedy,
  title={A greedy algorithm for aligning DNA sequences},
  author={Zhang, Zheng and Schwartz, Scott and Wagner, Lukas and Miller, Webb},
  journal={Journal of Computational biology},
  volume={7},
  number={1-2},
  pages={203--214},
  year={2000},
  publisher={Mary Ann Liebert, Inc.},
  doi = {10.1089/10665270050081478},
}
@article{alcock2020card,
    author = {Alcock, Brian P and Raphenya, Amogelang R and Lau, Tammy T Y and Tsang, Kara K and Bouchard, Mégane and Edalatmand, Arman and Huynh, William and Nguyen, Anna-Lisa V and Cheng, Annie A and Liu, Sihan and Min, Sally Y and Miroshnichenko, Anatoly and Tran, Hiu-Ki and Werfalli, Rafik E and Nasir, Jalees A and Oloni, Martins and Speicher, David J and Florescu, Alexandra and Singh, Bhavya and Faltyn, Mateusz and Hernandez-Koutoucheva, Anastasia and Sharma, Arjun N and Bordeleau, Emily and Pawlowski, Andrew C and Zubyk, Haley L and Dooley, Damion and Griffiths, Emma and Maguire, Finlay and Winsor, Geoff L and Beiko, Robert G and Brinkman, Fiona S L and Hsiao, William W L and Domselaar, Gary V and McArthur, Andrew G},
    title = "{CARD 2020: antibiotic resistome surveillance with the comprehensive antibiotic resistance database}",
    journal = {Nucleic Acids Research},
    volume = {48},
    number = {D1},
    pages = {D517-D525},
    year = {2019},
    month = {10},
    issn = {0305-1048},
    doi = {10.1093/nar/gkz935},
    url = {https://doi.org/10.1093/nar/gkz935},
}
@article{DANKO20213376,
    title = {A global metagenomic map of urban microbiomes and antimicrobial resistance},
    journal = {Cell},
    volume = {184},
    number = {13},
    pages = {3376-3393.e17},
    year = {2021},
    issn = {0092-8674},
    doi = {10.1016/j.cell.2021.05.002},
    url = {https://www.sciencedirect.com/science/article/pii/S0092867421005857},
    author = {David Danko and Daniela Bezdan and Evan E. Afshin and Sofia Ahsanuddin and Chandrima Bhattacharya and Daniel J. Butler and Kern Rei Chng and Daisy Donnellan and Jochen Hecht and Katelyn Jackson and Katerina Kuchin and Mikhail Karasikov and Abigail Lyons and Lauren Mak and Dmitry Meleshko and Harun Mustafa and Beth Mutai and Russell Y. Neches and Amanda Ng and Olga Nikolayeva and Tatyana Nikolayeva and Eileen Png and Krista A. Ryon and Jorge L. Sanchez and Heba Shaaban and Maria A. Sierra and Dominique Thomas and Ben Young and Omar O. Abudayyeh and Josue Alicea and Malay Bhattacharyya and Ran Blekhman and Eduardo Castro-Nallar and Ana M. Cañas and Aspassia D. Chatziefthimiou and Robert W. Crawford and Francesca {De Filippis} and Youping Deng and Christelle Desnues and Emmanuel Dias-Neto and Marius Dybwad and Eran Elhaik and Danilo Ercolini and Alina Frolova and Dennis Gankin and Jonathan S. Gootenberg and Alexandra B. Graf and David C. Green and Iman Hajirasouliha and Jaden J.A. Hastings and Mark Hernandez and Gregorio Iraola and Soojin Jang and Andre Kahles and Frank J. Kelly and Kaymisha Knights and Nikos C. Kyrpides and Paweł P. Łabaj and Patrick K.H. Lee and Marcus H.Y. Leung and Per O. Ljungdahl and Gabriella Mason-Buck and Ken McGrath and Cem Meydan and Emmanuel F. Mongodin and Milton Ozorio Moraes and Niranjan Nagarajan and Marina Nieto-Caballero and Houtan Noushmehr and Manuela Oliveira and Stephan Ossowski and Olayinka O. Osuolale and Orhan Özcan and David Paez-Espino and Nicolás Rascovan and Hugues Richard and Gunnar Rätsch and Lynn M. Schriml and Torsten Semmler and Osman U. Sezerman and Leming Shi and Tieliu Shi and Rania Siam and Le Huu Song and Haruo Suzuki and Denise Syndercombe Court and Scott W. Tighe and Xinzhao Tong and Klas I. Udekwu and Juan A. Ugalde and Brandon Valentine and Dimitar I. Vassilev and Elena M. Vayndorf and Thirumalaisamy P. Velavan and Jun Wu and María M. Zambrano and Jifeng Zhu and Sibo Zhu and Christopher E. Mason and Natasha Abdullah and Marcos Abraao and Ait-hamlat Adel and Muhammad Afaq and Faisal S. Al-Quaddoomi and Ireen Alam and Gabriela E. Albuquerque and Alex Alexiev and Kalyn Ali and Lucia E. Alvarado-Arnez and Sarh Aly and Jennifer Amachee and Maria G. Amorim and Majelia Ampadu and Muhammad Al-Fath Amran and Nala An and Watson Andrew and Harilanto Andrianjakarivony and Michael Angelov and Verónica Antelo and Catharine Aquino and Álvaro Aranguren and Luiza F. Araujo and Hitler Francois {Vasquez Arevalo} and Jenny Arevalo and Carme Arnan and Lucia Elena {Alvarado Arnez} and Fernanda Arredondo and Matthew Arthur and Freddy Asenjo and Thomas Saw Aung and Juliette Auvinet and Nuria Aventin and Sadaf Ayaz and Silva Baburyan and Abd-Manaaf Bakere and Katrin Bakhl and Thais F. Bartelli and Erdenetsetseg Batdelger and François Baudon and Kevin Becher and Carla Bello and Médine Benchouaia and Hannah Benisty and Anne-Sophie Benoiston and Joseph Benson and Diego Benítez and Juliana Bernardes and Denis Bertrand and Silvia Beurmann and Tristan Bitard-Feildel and Lucie Bittner and Christina Black and Guillaume Blanc and Brittany Blyther and Toni Bode and Julia Boeri and Bazartseren Boldgiv and Kevin Bolzli and Alexia Bordigoni and Ciro Borrelli and Sonia Bouchard and Jean-Pierre Bouly and Alicia Boyd and Gabriela P. Branco and Alessandra Breschi and Björn Brindefalk and Christian Brion and Alan Briones and Paulina Buczansla and Catherine M. Burke and Aszia Burrell and Alina Butova and Irvind Buttar and Jalia Bynoe and Sven Bönigk and Kari O. Bøifot and Hiram Caballero and Xiao Wen Cai and Dayana Calderon and Angela Cantillo and Miguel Carbajo and Alessandra Carbone and Anais Cardenas and Katerine Carrillo and Laurie Casalot and Sofia Castro and Ana V. Castro and Astred Castro and Ana Valeria B. Castro and Simone Cawthorne and Jonathan Cedillo and Salama Chaker and Jasna Chalangal and Allison Chan and Anastasia I. Chasapi and Starr Chatziefthimiou and Sreya Ray Chaudhuri and Akash Keluth Chavan and Francisco Chavez and Gregory Chem and Xiaoqing Chen and Michelle Chen and Jenn-Wei Chen and Ariel Chernomoretz and Allaeddine Chettouh and Daisy Cheung and Diana Chicas and Shirley Chiu and Hira Choudhry and Carl Chrispin and Kianna Ciaramella and Erika Cifuentes and Jake Cohen and David A. Coil and Sylvie Collin and Colleen Conger and Romain Conte and Flavia Corsi and Cecilia N. Cossio and Ana F. Costa and Delisia Cuebas and Bruno D’Alessandro and Katherine E. Dahlhausen and Aaron E. Darling and Pujita Das and Lucinda B. Davenport and Laurent David and Natalie R. Davidson and Gargi Dayama and Stéphane Delmas and Chris K. Deng and Chloé Dequeker and Alexandre Desert and Monika Devi and Felipe S. Dezem and Clara N. Dias and Timothy Ryan Donahoe and Sonia Dorado and LaShonda Dorsey and Valeriia Dotsenko and Steven Du and Alexandra Dutan and Naya Eady and Jonathan A. Eisen and Miar Elaskandrany and Lennard Epping and Juan P. Escalera-Antezana and Cassie L. Ettinger and Iqra Faiz and Luice Fan and Nadine Farhat and Emile Faure and Fazlina Fauzi and Charlie Feigin and Skye Felice and Laís Pereira Ferreira and Gabriel Figueroa and Aubin Fleiss and Denisse Flores and Jhovana L. {Velasco Flores} and Marcos A.S. Fonseca and Jonathan Foox and Juan Carlos Forero and Aaishah Francis and Kelly French and Pablo Fresia and Jacob Friedman and Jaime J. Fuentes and Josephine Galipon and Mathilde Garcia and Laura Garcia and Catalina García and Annie Geiger and Samuel M. Gerner and Sonia L. Ghose and Dao Phuong Giang and Matías Giménez and Donato Giovannelli and Dedan Githae and Spyridon Gkotzis and Liliana Godoy and Samantha Goldman and Gaston H. Gonnet and Juana Gonzalez and Andrea Gonzalez and Camila Gonzalez-Poblete and Andrew Gray and Tranette Gregory and Charlotte Greselle and Sophie Guasco and Juan Guerra and Nika Gurianova and Wolfgang Haehr and Sebastien Halary and Felix Hartkopf and Jaden J.A. Hastings and Arya Hawkins-Zafarnia and Nur Hazlin Hazrin-Chong and Eric Helfrich and Eva Hell and Tamera Henry and Samuel Hernandez and Pilar Lopez Hernandez and David Hess-Homeier and Lauren E. Hittle and Nghiem Xuan Hoan and Aliaksei Holik and Chiaki Homma and Irene Hoxie and Michael Huber and Elizabeth Humphries and Stephanie Hyland and Andrea Hässig and Roland Häusler and Nathalie Hüsser and Robert A. Petit and Badamnyambuu Iderzorig and Mizuki Igarashi and Shaikh B. Iqbal and Shino Ishikawa and Sakura Ishizuka and Sharah Islam and Riham Islam and Kohei Ito and Sota Ito and Takayuki Ito and Tomislav Ivankovic and Tomoki Iwashiro and Sarah Jackson and JoAnn Jacobs and Marisano James and Marianne Jaubert and Marie-Laure Jerier and Esmeralda Jiminez and Ayantu Jinfessa and Ymke {De Jong} and Hyun Woo Joo and Guilllaume Jospin and Takema Kajita and Affifah Saadah {Ahmad Kassim} and Nao Kato and Amrit Kaur and Inderjit Kaur and Fernanda {de Souza Gomes Kehdy} and Vedbar S. Khadka and Shaira Khan and Mahshid Khavari and Michelle Ki and Gina Kim and Hyung Jun Kim and Sangwan Kim and Ryan J. King and Kaymisha Knights and Giuseppe KoLoMonaco and Ellen Koag and Nadezhda Kobko-Litskevitch and Maryna Korshevniuk and Michael Kozhar and Jonas Krebs and Nanami Kubota and Andrii Kuklin and Sheelta S. Kumar and Rachel Kwong and Lawrence Kwong and Ingrid Lafontaine and Juliana Lago and Tsoi Ying Lai and Elodie Laine and Manolo Laiola and Olha Lakhneko and Isha Lamba and Gerardo {de Lamotte} and Romain Lannes and Eleonora {De Lazzari} and Madeline Leahy and Hyunjung Lee and Yunmi Lee and Lucy Lee and Vincent Lemaire and Emily Leong and Marcus H.Y. Leung and Dagmara Lewandowska and Chenhao Li and Weijun Liang and Moses Lin and Priscilla Lisboa and Anna Litskevitch and Eric Minwei Liu and Tracy Liu and Mayra Arauco Livia and Yui Him Lo and Sonia Losim and Manon Loubens and Jennifer Lu and Olexandr Lykhenko and Simona Lysakova and Salah Mahmoud and Sara Abdul Majid and Natalka Makogon and Denisse Maldonado and Krizzy Mallari and Tathiane M. Malta and Maliha Mamun and Dimitri Manoir and German Marchandon and Natalia Marciniak and Sonia Marinovic and Brunna Marques and Nicole Mathews and Yuri Matsuzaki and Vincent Matthys and Madelyn May and Elias McComb and Annabelle Meagher and Adiell Melamed and Wayne Menary and Katterinne N. Mendez and Ambar Mendez and Irène Mauricette Mendy and Irene Meng and Ajay Menon and Mark Menor and Roy Meoded and Nancy Merino and Cem Meydan and Karishma Miah and Mathilde Mignotte and Tanja Miketic and Wilson Miranda and Athena Mitsios and Ryusei Miura and Kunihiko Miyake and Maria D. Moccia and Natasha Mohan and Mohammed Mohsin and Karobi Moitra and Mauricio Moldes and Laura Molina and Jennifer Molinet and Orgil-Erdene Molomjamts and Eftar Moniruzzaman and Sookwon Moon and Isabelle {de Oliveira Moraes} and Mario Moreno and Maritza S. Mosella and Josef W. Moser and Christopher Mozsary and Amanda L. Muehlbauer and Oasima Muner and Muntaha Munia and Naimah Munim and Maureen Muscat and Tatjana Mustac and Cristina Muñoz and Francesca Nadalin and Areeg Naeem and Dorottya Nagy-Szakal and Mayuko Nakagawa and Ashanti Narce and Masaki Nasu and Irene González Navarrete and Hiba Naveed and Bryan Nazario and Narasimha Rao Nedunuri and Thomas Neff and Aida Nesimi and Wan Chiew Ng and Synti Ng and Gloria Nguyen and Elsy Ngwa and Agier Nicolas and Pierre Nicolas and Abdollahi Nika and Hosna Noorzi and Avigdor Nosrati and Houtan Noushmehr and Diana N. Nunes and Kathryn O’Brien and Niamh B. O’Hara and Gabriella Oken and Rantimi A. Olawoyin and Javier Quilez Oliete and Kiara Olmeda and Tolulope Oluwadare and Itunu A. Oluwadare and Nils Ordioni and Jenessa Orpilla and Jacqueline Orrego and Melissa Ortega and Princess Osma and Israel O. Osuolale and Oluwatosin M. Osuolale and Mitsuki Ota and Francesco Oteri and Yuya Oto and Rachid Ounit and Christos A. Ouzounis and Subhamitra Pakrashi and Rachel Paras and Coral Pardo-Este and Young-Ja Park and Paulina Pastuszek and Suraj Patel and Jananan Pathmanathan and Andrea Patrignani and Manuel Perez and Ante Peros and Sabrina Persaud and Anisia Peters and Adam Phillips and Lisbeth Pineda and Melissa P. Pizzi and Alma Plaku and Alketa Plaku and Brianna Pompa-Hogan and María Gabriela Portilla and Leonardo Posada and Max Priestman and Bharath Prithiviraj and Sambhawa Priya and Phanthira Pugdeethosal and Catherine E. Pugh and Benjamin Pulatov and Angelika Pupiec and Kyrylo Pyrshev and Tao Qing and Saher Rahiel and Savlatjon Rahmatulloev and Kannan Rajendran and Aneisa Ramcharan and Adan Ramirez-Rojas and Shahryar Rana and Prashanthi Ratnanandan and Timothy D. Read and Hubert Rehrauer and Renee Richer and Alexis Rivera and Michelle Rivera and Alessandro Robertiello and Courtney Robinson and Paula Rodríguez and Nayra Aguilar Rojas and Paul Roldán and Anyelic Rosario and Sandra Roth and Maria Ruiz and Stephen Eduard {Boja Ruiz} and Kaitlan Russell and Mariia Rybak and Thais S. Sabedot and Mahfuza Sabina and Ikuto Saito and Yoshitaka Saito and Gustavo Adolfo {Malca Salas} and Cecilia Salazar and Kaung Myat San and Jorge Sanchez and Khaliun Sanchir and Ryan Sankar and Paulo Thiago {de Souza Santos} and Zulena Saravi and Kai Sasaki and Yuma Sato and Masaki Sato and Seisuke Sato and Ryo Sato and Kaisei Sato and Nowshin Sayara and Steffen Schaaf and Oli Schacher and Anna-Lena M. Schinke and Ralph Schlapbach and Christian Schori and Jason R. Schriml and Felipe Segato and Felipe Sepulveda and Marianna S. Serpa and Paola F. {De Sessions} and Juan C. Severyn and Heba Shaaban and Maheen Shakil and Sarah Shalaby and Aliyah Shari and Hyenah Shim and Hikaru Shirahata and Yuh Shiwa and Rania Siam and Ophélie {Da Silva} and Jordana M. Silva and Gwenola Simon and Shaleni K. Singh and Kasia Sluzek and Rebecca Smith and Eunice So and Núria {Andreu Somavilla} and Yuya Sonohara and Nuno {Rufino de Sousa} and Camila Souza and Jason Sperry and Nicolas Sprinsky and Stefan G. Stark and Antonietta {La Storia} and Kiyoshi Suganuma and Hamood Suliman and Jill Sullivan and Arif Asyraf Md Supie and Chisato Suzuki and Sora Takagi and Fumie Takahara and Naoya Takahashi and Kou Takahashi and Tomoki Takeda and Isabella K. Takenaka and Soma Tanaka and Anyi Tang and Yuk {Man Tang} and Emilio Tarcitano and Andrea Tassinari and Mahdi Taye and Alexis Terrero and Eunice Thambiraja and Antonin Thiébaut and Sade Thomas and Andrew M. Thomas and Yuto Togashi and Takumi Togashi and Anna Tomaselli and Masaru Tomita and Itsuki Tomita and Xinzhao Tong and Oliver Toth and Nora C. Toussaint and Jennifer M. Tran and Catalina Truong and Stefan I. Tsonev and Kazutoshi Tsuda and Takafumi Tsurumaki and Michelle Tuz and Yelyzaveta Tymoshenko and Carmen Urgiles and Mariko Usui and Sophie Vacant and Brandon Valentine and Laura E. Vann and Fabienne Velter and Valeria Ventorino and Patricia Vera-Wolf and Riccardo Vicedomini and Michael A. Suarez-Villamil and Sierra Vincent and Renee Vivancos-Koopman and Andrew Wan and Cindy Wang and Tomoro Warashina and Ayuki Watanabe and Samuel Weekes and Johannes Werner and David Westfall and Lothar H. Wieler and Michelle Williams and Silver A. Wolf and Brian Wong and Yan Ling Wong and Tyler Wong and Rasheena Wright and Tina Wunderlin and Ryota Yamanaka and Jingcheng Yang and Hirokazu Yano and George C. Yeh and Olena Yemets and Tetiana Yeskova and Shusei Yoshikawa and Laraib Zafar and Yang Zhang and Shu Zhang and Amy Zhang and Yuanting Zheng and Stas Zubenko},
    keywords = {built Environment, metagenome, global health, antimicrobial resistance, microbiome, NGS, shotgun sequencing, de novo assembly, BGC, AMR}
}
@article{ono2013pbsim,
    author = {Ono, Yukiteru and Asai, Kiyoshi and Hamada, Michiaki},
    title = "{PBSIM: PacBio reads simulator—toward accurate genome assembly}",
    journal = {Bioinformatics},
    volume = {29},
    number = {1},
    pages = {119-121},
    year = {2012},
    month = {11},
    issn = {1367-4803},
    doi = {10.1093/bioinformatics/bts649},
    url = {https://doi.org/10.1093/bioinformatics/bts649},
}
@article{huang2012art,
    author = {Huang, Weichun and Li, Leping and Myers, Jason R. and Marth, Gabor T.},
    title = "{ART: a next-generation sequencing read simulator}",
    journal = {Bioinformatics},
    volume = {28},
    number = {4},
    pages = {593-594},
    year = {2011},
    month = {12},
    issn = {1367-4803},
    doi = {10.1093/bioinformatics/btr708},
    url = {https://doi.org/10.1093/bioinformatics/btr708},
}
@article{harris2020improved,
    author = {Harris, Robert S and Medvedev, Paul},
    title = "{Improved representation of sequence bloom trees}",
    journal = {Bioinformatics},
    volume = {36},
    number = {3},
    pages = {721-727},
    year = {2019},
    month = {08},
    issn = {1367-4803},
    doi = {10.1093/bioinformatics/btz662},
    url = {https://doi.org/10.1093/bioinformatics/btz662},
}
@article{wood2014kraken,
  title={Kraken: ultrafast metagenomic sequence classification using exact alignments},
  author={Wood, Derrick E and Salzberg, Steven L},
  journal={Genome biology},
  volume={15},
  number={3},
  pages={1--12},
  year={2014},
  publisher={BioMed Central}
}
@article{garrison2018variation,
    author = {Garrison, Erik and Sir{\'e}n, Jouni and Novak, Adam M and Hickey, Glenn and Eizenga, Jordan M and Dawson, Eric T and Jones, William and Garg, Shilpa and Markello, Charles and Lin, Michael F and Paten, Benedict and Durbin, Richard},
    doi = {10.1038/nbt.4227},
    isbn = {1546-1696},
    journal = {Nature Biotechnology},
    number = {9},
    pages = {875--879},
    title = {Variation graph toolkit improves read mapping by representing genetic variation in the reference},
    url = {https://doi.org/10.1038/nbt.4227},
    volume = {36},
    year = {2018}
}
@article{durbin2014efficient,
    author = {Durbin, Richard},
    title = "{Efficient haplotype matching and storage using the positional Burrows–Wheeler transform (PBWT)}",
    journal = {Bioinformatics},
    volume = {30},
    number = {9},
    pages = {1266-1272},
    year = {2014},
    month = {01},
    issn = {1367-4803},
    doi = {10.1093/bioinformatics/btu014},
    url = {https://doi.org/10.1093/bioinformatics/btu014},
}
@article{hickey2020genotyping,
    author = {Hickey, Glenn and Heller, David and Monlong, Jean and Sibbesen, Jonas A. and Sir{\'e}n, Jouni and Eizenga, Jordan and Dawson, Eric T. and Garrison, Erik and Novak, Adam M. and Paten, Benedict},
    doi = {10.1186/s13059-020-1941-7},
    id = {Hickey2020},
    isbn = {1474-760X},
    journal = {Genome Biology},
    number = {1},
    pages = {35},
    title = {Genotyping structural variants in pangenome graphs using the vg toolkit},
    url = {https://doi.org/10.1186/s13059-020-1941-7},
    volume = {21},
    year = {2020},
}
@article{BLASTaltschul1990basic,
    title = {Basic local alignment search tool},
    journal = {Journal of Molecular Biology},
    volume = {215},
    number = {3},
    pages = {403-410},
    year = {1990},
    issn = {0022-2836},
    doi = {10.1016/S0022-2836(05)80360-2},
    url = {https://www.sciencedirect.com/science/article/pii/S0022283605803602},
    author = {Stephen F. Altschul and Warren Gish and Webb Miller and Eugene W. Myers and David J. Lipman},
}
@article{mccarthy2019pan,
   author = "McCarthy, Charley G. P. and Fitzpatrick, David A.",
   title = "Pan-genome analyses of model fungal species", 
   journal= "Microbial Genomics",
   year = "2019",
   volume = "5",
   number = "2",
   doi = "10.1099/mgen.0.000243",
   url = "https://www.microbiologyresearch.org/content/journal/mgen/10.1099/mgen.0.000243",
   publisher = "Microbiology Society",
   issn = "2057-5858",
   type = "Journal Article",
}
@article{medini2005microbial,
    title = {The microbial pan-genome},
    journal = {Current Opinion in Genetics \& Development},
    volume = {15},
    number = {6},
    pages = {589-594},
    year = {2005},
    note = {Genomes and evolution},
    issn = {0959-437X},
    doi = {10.1016/j.gde.2005.09.006},
    url = {https://www.sciencedirect.com/science/article/pii/S0959437X05001759},
    author = {Duccio Medini and Claudio Donati and Hervé Tettelin and Vega Masignani and Rino Rappuoli},
}
@inproceedings{baaijens2020strain,
  title={Strain-aware assembly of genomes from mixed samples using flow variation graphs},
  author={Baaijens, Jasmijn A and Stougie, Leen and Sch{\"o}nhuth, Alexander},
  booktitle={International Conference on Research in Computational Molecular Biology},
  pages={221--222},
  year={2020},
  organization={Springer}
}
@article{almeida2021unified,
    author = {Almeida, Alexandre and Nayfach, Stephen and Boland, Miguel and Strozzi, Francesco and Beracochea, Martin and Shi, Zhou Jason and Pollard, Katherine S. and Sakharova, Ekaterina and Parks, Donovan H. and Hugenholtz, Philip and Segata, Nicola and Kyrpides, Nikos C. and Finn, Robert D.},
    doi = {10.1038/s41587-020-0603-3},
    isbn = {1546-1696},
    journal = {Nature Biotechnology},
    number = {1},
    pages = {105--114},
    title = {A unified catalog of 204,938 reference genomes from the human gut microbiome},
    url = {https://doi.org/10.1038/s41587-020-0603-3},
    volume = {39},
    year = {2021},
}
@article{OLeary2016ReferenceAnnotation,
	author = {O'Leary, Nuala A. and Wright, Mathew W. and Brister, J. Rodney and Ciufo, Stacy and Haddad, Diana and McVeigh, Rich and Rajput, Bhanu and Robbertse, Barbara and Smith-White, Brian and Ako-Adjei, Danso and Astashyn, Alexander and Badretdin, Azat and Bao, Yiming and Blinkova, Olga and Brover, Vyacheslav and Chetvernin, Vyacheslav and Choi, Jinna and Cox, Eric and Ermolaeva, Olga and Farrell, Catherine M. and Goldfarb, Tamara and Gupta, Tripti and Haft, Daniel and Hatcher, Eneida and Hlavina, Wratko and Joardar, Vinita S. and Kodali, Vamsi K. and Li, Wenjun and Maglott, Donna and Masterson, Patrick and McGarvey, Kelly M. and Murphy, Michael R. and O'Neill, Kathleen and Pujar, Shashikant and Rangwala, Sanjida H. and Rausch, Daniel and Riddick, Lillian D. and Schoch, Conrad and Shkeda, Andrei and Storz, Susan S. and Sun, Hanzhen and Thibaud-Nissen, Francoise and Tolstoy, Igor and Tully, Raymond E. and Vatsan, Anjana R. and Wallin, Craig and Webb, David and Wu, Wendy and Landrum, Melissa J. and Kimchi, Avi and Tatusova, Tatiana and DiCuccio, Michael and Kitts, Paul and Murphy, Terence D. and Pruitt, Kim D.},
    title = "{Reference sequence (RefSeq) database at NCBI: current status, taxonomic expansion, and functional annotation}",
    journal = {Nucleic Acids Research},
    volume = {44},
    number = {D1},
    pages = {D733-D745},
    year = {2015},
    month = {11},
    issn = {0305-1048},
    doi = {10.1093/nar/gkv1189},
    url = {https://doi.org/10.1093/nar/gkv1189},
}
@article{ellrott2018scalable,
author = {Kyle Ellrott and Matthew H. Bailey and Gordon Saksena and Kyle R. Covington and Cyriac Kandoth and Chip Stewart and Julian Hess and Singer Ma and Kami E. Chiotti and Michael McLellan and Heidi J. Sofia and Carolyn Hutter and Gad Getz and David Wheeler and Li Ding and Samantha J. Caesar-Johnson and John A. Demchok and Ina Felau and Melpomeni Kasapi and Martin L. Ferguson and Carolyn M. Hutter and Heidi J. Sofia and Roy Tarnuzzer and Zhining Wang and Liming Yang and Jean C. Zenklusen and Jiashan (Julia) Zhang and Sudha Chudamani and Jia Liu and Laxmi Lolla and Rashi Naresh and Todd Pihl and Qiang Sun and Yunhu Wan and Ye Wu and Juok Cho and Timothy DeFreitas and Scott Frazer and Nils Gehlenborg and Gad Getz and David I. Heiman and Jaegil Kim and Michael S. Lawrence and Pei Lin and Sam Meier and Michael S. Noble and Gordon Saksena and Doug Voet and Hailei Zhang and Brady Bernard and Nyasha Chambwe and Varsha Dhankani and Theo Knijnenburg and Roger Kramer and Kalle Leinonen and Yuexin Liu and Michael Miller and Sheila Reynolds and Ilya Shmulevich and Vesteinn Thorsson and Wei Zhang and Rehan Akbani and Bradley M. Broom and Apurva M. Hegde and Zhenlin Ju and Rupa S. Kanchi and Anil Korkut and Jun Li and Han Liang and Shiyun Ling and Wenbin Liu and Yiling Lu and Gordon B. Mills and Kwok-Shing Ng and Arvind Rao and Michael Ryan and Jing Wang and John N. Weinstein and Jiexin Zhang and Adam Abeshouse and Joshua Armenia and Debyani Chakravarty and Walid K. Chatila and Ino {de Bruijn} and Jianjiong Gao and Benjamin E. Gross and Zachary J. Heins and Ritika Kundra and Konnor La and Marc Ladanyi and Augustin Luna and Moriah G. Nissan and Angelica Ochoa and Sarah M. Phillips and Ed Reznik and Francisco Sanchez-Vega and Chris Sander and Nikolaus Schultz and Robert Sheridan and S. Onur Sumer and Yichao Sun and Barry S. Taylor and Jioajiao Wang and Hongxin Zhang and Pavana Anur and Myron Peto and Paul Spellman and Christopher Benz and Joshua M. Stuart and Christopher K. Wong and Christina Yau and D. Neil Hayes and  Parker and Matthew D. Wilkerson and Adrian Ally and Miruna Balasundaram and Reanne Bowlby and Denise Brooks and Rebecca Carlsen and Eric Chuah and Noreen Dhalla and Robert Holt and Steven J.M. Jones and Katayoon Kasaian and Darlene Lee and Yussanne Ma and Marco A. Marra and Michael Mayo and Richard A. Moore and Andrew J. Mungall and Karen Mungall and A. Gordon Robertson and Sara Sadeghi and Jacqueline E. Schein and Payal Sipahimalani and Angela Tam and Nina Thiessen and Kane Tse and Tina Wong and Ashton C. Berger and Rameen Beroukhim and Andrew D. Cherniack and Carrie Cibulskis and Stacey B. Gabriel and Galen F. Gao and Gavin Ha and Matthew Meyerson and Steven E. Schumacher and Juliann Shih and Melanie H. Kucherlapati and Raju S. Kucherlapati and Stephen Baylin and Leslie Cope and Ludmila Danilova and Moiz S. Bootwalla and Phillip H. Lai and Dennis T. Maglinte and David J. {Van Den Berg} and Daniel J. Weisenberger and J. Todd Auman and Saianand Balu and Tom Bodenheimer and Cheng Fan and Katherine A. Hoadley and Alan P. Hoyle and Stuart R. Jefferys and Corbin D. Jones and Shaowu Meng and Piotr A. Mieczkowski and Lisle E. Mose and Amy H. Perou and Charles M. Perou and Jeffrey Roach and Yan Shi and Janae V. Simons and Tara Skelly and Matthew G. Soloway and Donghui Tan and Umadevi Veluvolu and Huihui Fan and Toshinori Hinoue and Peter W. Laird and Hui Shen and Wanding Zhou and Michelle Bellair and Kyle Chang and Kyle Covington and Chad J. Creighton and Huyen Dinh and HarshaVardhan Doddapaneni and Lawrence A. Donehower and Jennifer Drummond and Richard A. Gibbs and Robert Glenn and Walker Hale and Yi Han and Jianhong Hu and Viktoriya Korchina and Sandra Lee and Lora Lewis and Wei Li and Xiuping Liu and Margaret Morgan and Donna Morton and Donna Muzny and Jireh Santibanez and Margi Sheth and Eve Shinbrot and Linghua Wang and Min Wang and David A. Wheeler and Liu Xi and Fengmei Zhao and Julian Hess and Elizabeth L. Appelbaum and Matthew Bailey and Matthew G. Cordes and Li Ding and Catrina C. Fronick and Lucinda A. Fulton and Robert S. Fulton and Cyriac Kandoth and Elaine R. Mardis and Michael D. McLellan and Christopher A. Miller and Heather K. Schmidt and Richard K. Wilson and Daniel Crain and Erin Curley and Johanna Gardner and Kevin Lau and David Mallery and Scott Morris and Joseph Paulauskis and Robert Penny and Candace Shelton and Troy Shelton and Mark Sherman and Eric Thompson and Peggy Yena and Jay Bowen and Julie M. Gastier-Foster and Mark Gerken and Kristen M. Leraas and Tara M. Lichtenberg and Nilsa C. Ramirez and Lisa Wise and Erik Zmuda and Niall Corcoran and Tony Costello and Christopher Hovens and Andre L. Carvalho and Ana C. {de Carvalho} and José H. Fregnani and Adhemar Longatto-Filho and Rui M. Reis and Cristovam Scapulatempo-Neto and Henrique C.S. Silveira and Daniel O. Vidal and Andrew Burnette and Jennifer Eschbacher and Beth Hermes and Ardene Noss and Rosy Singh and Matthew L. Anderson and Patricia D. Castro and Michael Ittmann and David Huntsman and Bernard Kohl and Xuan Le and Richard Thorp and Chris Andry and Elizabeth R. Duffy and Vladimir Lyadov and Oxana Paklina and Galiya Setdikova and Alexey Shabunin and Mikhail Tavobilov and Christopher McPherson and Ronald Warnick and Ross Berkowitz and Daniel Cramer and Colleen Feltmate and Neil Horowitz and Adam Kibel and Michael Muto and Chandrajit P. Raut and Andrei Malykh and Jill S. Barnholtz-Sloan and Wendi Barrett and Karen Devine and Jordonna Fulop and Quinn T. Ostrom and Kristen Shimmel and Yingli Wolinsky and Andrew E. Sloan and Agostino {De Rose} and Felice Giuliante and Marc Goodman and Beth Y. Karlan and Curt H. Hagedorn and John Eckman and Jodi Harr and Jerome Myers and Kelinda Tucker and Leigh Anne Zach and Brenda Deyarmin and Hai Hu and Leonid Kvecher and Caroline Larson and Richard J. Mural and Stella Somiari and Ales Vicha and Tomas Zelinka and Joseph Bennett and Mary Iacocca and Brenda Rabeno and Patricia Swanson and Mathieu Latour and Louis Lacombe and Bernard Têtu and Alain Bergeron and Mary McGraw and Susan M. Staugaitis and John Chabot and Hanina Hibshoosh and Antonia Sepulveda and Tao Su and Timothy Wang and Olga Potapova and Olga Voronina and Laurence Desjardins and Odette Mariani and Sergio Roman-Roman and Xavier Sastre and Marc-Henri Stern and Feixiong Cheng and Sabina Signoretti and Andrew Berchuck and Darell Bigner and Eric Lipp and Jeffrey Marks and Shannon McCall and Roger McLendon and Angeles Secord and Alexis Sharp and Madhusmita Behera and Daniel J. Brat and Amy Chen and Keith Delman and Seth Force and Fadlo Khuri and Kelly Magliocca and Shishir Maithel and Jeffrey J. Olson and Taofeek Owonikoko and Alan Pickens and Suresh Ramalingam and Dong M. Shin and Gabriel Sica and Erwin G. {Van Meir} and Hongzheng Zhang and Wil Eijckenboom and Ad Gillis and Esther Korpershoek and Leendert Looijenga and Wolter Oosterhuis and Hans Stoop and Kim E. {van Kessel} and Ellen C. Zwarthoff and Chiara Calatozzolo and Lucia Cuppini and Stefania Cuzzubbo and Francesco DiMeco and Gaetano Finocchiaro and Luca Mattei and Alessandro Perin and Bianca Pollo and Chu Chen and John Houck and Pawadee Lohavanichbutr and Arndt Hartmann and Christine Stoehr and Robert Stoehr and Helge Taubert and Sven Wach and Bernd Wullich and Witold Kycler and Dawid Murawa and Maciej Wiznerowicz and Ki Chung and W. Jeffrey Edenfield and Julie Martin and Eric Baudin and Glenn Bubley and Raphael Bueno and Assunta {De Rienzo} and William G. Richards and Steven Kalkanis and Tom Mikkelsen and Houtan Noushmehr and Lisa Scarpace and Nicolas Girard and Marta Aymerich and Elias Campo and Eva Giné and Armando López Guillermo and Nguyen {Van Bang} and Phan Thi Hanh and Bui Duc Phu and Yufang Tang and Howard Colman and Kimberley Evason and Peter R. Dottino and John A. Martignetti and Hani Gabra and Hartmut Juhl and Teniola Akeredolu and Serghei Stepa and Dave Hoon and Keunsoo Ahn and Koo Jeong Kang and Felix Beuschlein and Anne Breggia and Michael Birrer and Debra Bell and Mitesh Borad and Alan H. Bryce and Erik Castle and Vishal Chandan and John Cheville and John A. Copland and Michael Farnell and Thomas Flotte and Nasra Giama and Thai Ho and Michael Kendrick and Jean-Pierre Kocher and Karla Kopp and Catherine Moser and David Nagorney and Daniel O’Brien and Brian Patrick O’Neill and Tushar Patel and Gloria Petersen and Florencia Que and Michael Rivera and Lewis Roberts and Robert Smallridge and Thomas Smyrk and Melissa Stanton and R. Houston Thompson and Michael Torbenson and Ju Dong Yang and Lizhi Zhang and Fadi Brimo and Jaffer A. Ajani and Ana Maria {Angulo Gonzalez} and Carmen Behrens and Jolanta Bondaruk and Russell Broaddus and Bogdan Czerniak and Bita Esmaeli and Junya Fujimoto and Jeffrey Gershenwald and Charles Guo and Alexander J. Lazar and Christopher Logothetis and Funda Meric-Bernstam and Cesar Moran and Lois Ramondetta and David Rice and Anil Sood and Pheroze Tamboli and Timothy Thompson and Patricia Troncoso and Anne Tsao and Ignacio Wistuba and Candace Carter and Lauren Haydu and Peter Hersey and Valerie Jakrot and Hojabr Kakavand and Richard Kefford and Kenneth Lee and Georgina Long and Graham Mann and Michael Quinn and Robyn Saw and Richard Scolyer and Kerwin Shannon and Andrew Spillane and Jonathan Stretch and Maria Synott and John Thompson and James Wilmott and Hikmat Al-Ahmadie and Timothy A. Chan and Ronald Ghossein and Anuradha Gopalan and Douglas A. Levine and Victor Reuter and Samuel Singer and Bhuvanesh Singh and Nguyen Viet Tien and Thomas Broudy and Cyrus Mirsaidi and Praveen Nair and Paul Drwiega and Judy Miller and Jennifer Smith and Howard Zaren and Joong-Won Park and Nguyen Phi Hung and Electron Kebebew and W. Marston Linehan and Adam R. Metwalli and Karel Pacak and Peter A. Pinto and Mark Schiffman and Laura S. Schmidt and Cathy D. Vocke and Nicolas Wentzensen and Robert Worrell and Hannah Yang and Marc Moncrieff and Chandra Goparaju and Jonathan Melamed and Harvey Pass and Natalia Botnariuc and Irina Caraman and Mircea Cernat and Inga Chemencedji and Adrian Clipca and Serghei Doruc and Ghenadie Gorincioi and Sergiu Mura and Maria Pirtac and Irina Stancul and Diana Tcaciuc and Monique Albert and Iakovina Alexopoulou and Angel Arnaout and John Bartlett and Jay Engel and Sebastien Gilbert and Jeremy Parfitt and Harman Sekhon and George Thomas and Doris M. Rassl and Robert C. Rintoul and Carlo Bifulco and Raina Tamakawa and Walter Urba and Nicholas Hayward and Henri Timmers and Anna Antenucci and Francesco Facciolo and Gianluca Grazi and Mirella Marino and Roberta Merola and Ronald {de Krijger} and Anne-Paule Gimenez-Roqueplo and Alain Piché and Simone Chevalier and Ginette McKercher and Kivanc Birsoy and Gene Barnett and Cathy Brewer and Carol Farver and Theresa Naska and Nathan A. Pennell and Daniel Raymond and Cathy Schilero and Kathy Smolenski and Felicia Williams and Carl Morrison and Jeffrey A. Borgia and Michael J. Liptay and Mark Pool and Christopher W. Seder and Kerstin Junker and Larsson Omberg and Mikhail Dinkin and George Manikhas and Domenico Alvaro and Maria Consiglia Bragazzi and Vincenzo Cardinale and Guido Carpino and Eugenio Gaudio and David Chesla and Sandra Cottingham and Michael Dubina and Fedor Moiseenko and Renumathy Dhanasekaran and Karl-Friedrich Becker and Klaus-Peter Janssen and Julia Slotta-Huspenina and Mohamed H. Abdel-Rahman and Dina Aziz and Sue Bell and Colleen M. Cebulla and Amy Davis and Rebecca Duell and J. Bradley Elder and Joe Hilty and Bahavna Kumar and James Lang and Norman L. Lehman and Randy Mandt and Phuong Nguyen and Robert Pilarski and Karan Rai and Lynn Schoenfield and Kelly Senecal and Paul Wakely and Paul Hansen and Ronald Lechan and James Powers and Arthur Tischler and William E. Grizzle and Katherine C. Sexton and Alison Kastl and Joel Henderson and Sima Porten and Jens Waldmann and Martin Fassnacht and Sylvia L. Asa and Dirk Schadendorf and Marta Couce and Markus Graefen and Hartwig Huland and Guido Sauter and Thorsten Schlomm and Ronald Simon and Pierre Tennstedt and Oluwole Olabode and Mark Nelson and Oliver Bathe and Peter R. Carroll and June M. Chan and Philip Disaia and Pat Glenn and Robin K. Kelley and Charles N. Landen and Joanna Phillips and Michael Prados and Jeffry Simko and Karen Smith-McCune and Scott VandenBerg and Kevin Roggin and Ashley Fehrenbach and Ady Kendler and Suzanne Sifri and Ruth Steele and Antonio Jimeno and Francis Carey and Ian Forgie and Massimo Mannelli and Michael Carney and Brenda Hernandez and Benito Campos and Christel Herold-Mende and Christin Jungk and Andreas Unterberg and Andreas {von Deimling} and Aaron Bossler and Joseph Galbraith and Laura Jacobus and Michael Knudson and Tina Knutson and Deqin Ma and Mohammed Milhem and Rita Sigmund and Andrew K. Godwin and Rashna Madan and Howard G. Rosenthal and Clement Adebamowo and Sally N. Adebamowo and Alex Boussioutas and David Beer and Thomas Giordano and Anne-Marie Mes-Masson and Fred Saad and Therese Bocklage and Lisa Landrum and Robert Mannel and Kathleen Moore and Katherine Moxley and Russel Postier and Joan Walker and Rosemary Zuna and Michael Feldman and Federico Valdivieso and Rajiv Dhir and James Luketich and Edna M. {Mora Pinero} and Mario Quintero-Aguilo and Carlos Gilberto Carlotti and Jose Sebastião {Dos Santos} and Rafael Kemp and Ajith Sankarankuty and Daniela Tirapelli and James Catto and Kathy Agnew and Elizabeth Swisher and Jenette Creaney and Bruce Robinson and Carl Simon Shelley and Eryn M. Godwin and Sara Kendall and Cassaundra Shipman and Carol Bradford and Thomas Carey and Andrea Haddad and Jeffey Moyer and Lisa Peterson and Mark Prince and Laura Rozek and Gregory Wolf and Rayleen Bowman and Kwun M. Fong and Ian Yang and Robert Korst and W. Kimryn Rathmell and J. Leigh Fantacone-Campbell and Jeffrey A. Hooke and Albert J. Kovatich and Craig D. Shriver and John DiPersio and Bettina Drake and Ramaswamy Govindan and Sharon Heath and Timothy Ley and Brian {Van Tine} and Peter Westervelt and Mark A. Rubin and Jung Il Lee and Natália D. Aredes and Armaz Mariamidze},
title = {Scalable Open Science Approach for Mutation Calling of Tumor Exomes Using Multiple Genomic Pipelines},
journal = {Cell Systems},
volume = {6},
number = {3},
pages = {271-281.e7},
year = {2018},
issn = {2405-4712},
doi = {10.1016/j.cels.2018.03.002},
url = {https://www.sciencedirect.com/science/article/pii/S2405471218300966},
}
@article{heydari2018browniealigner,
    author = {Heydari, Mahdi and Miclotte, Giles and Van de Peer, Yves and Fostier, Jan},
    doi = {10.1186/s12859-018-2319-7},
    id = {Heydari2018},
    isbn = {1471-2105},
    journal = {BMC Bioinformatics},
    number = {1},
    pages = {311},
    title = {{BrownieAligner: accurate alignment of Illumina sequencing data to de Bruijn graphs}},
    url = {https://doi.org/10.1186/s12859-018-2319-7},
    volume = {19},
    year = {2018}
}

@article{limasset2016read,
    author = {Limasset, Antoine and Cazaux, Bastien and Rivals, Eric and Peterlongo, Pierre},
    doi = {10.1186/s12859-016-1103-9},
    id = {Limasset2016},
    isbn = {1471-2105},
    journal = {BMC Bioinformatics},
    number = {1},
    pages = {237},
    title = {Read mapping on de Bruijn graphs},
    url = {https://doi.org/10.1186/s12859-016-1103-9},
    volume = {17},
    year = {2016},
}

@inproceedings{jain2019accelerating,
  title={Accelerating sequence alignment to graphs},
  author={Jain, Chirag and Misra, Sanchit and Zhang, Haowen and Dilthey, Alexander and Aluru, Srinivas},
  booktitle={2019 IEEE International Parallel and Distributed Processing Symposium (IPDPS)},
  pages={451--461},
  year={2019},
  organization={IEEE},
  doi={10.1109/IPDPS.2019.00055}
}
@inproceedings{ivanov2020astarix,
author="Ivanov, Pesho
and Bichsel, Benjamin
and Mustafa, Harun
and Kahles, Andr{\'e}
and R{\"a}tsch, Gunnar
and Vechev, Martin",
editor="Schwartz, Russell",
title="AStarix: Fast and Optimal Sequence-to-Graph Alignment",
booktitle="Research in Computational Molecular Biology",
year="2020",
publisher="Springer International Publishing",
address="Cham",
pages="104--119",
isbn="978-3-030-45257-5",
doi="10.1007/978-3-030-45257-5_7"
}
@article{chang2020distance,
    author = {Chang, Xian and Eizenga, Jordan and Novak, Adam M and Sirén, Jouni and Paten, Benedict},
    title = "{Distance indexing and seed clustering in sequence graphs}",
    journal = {Bioinformatics},
    volume = {36},
    number = {Supplement\_1},
    pages = {i146-i153},
    year = {2020},
    month = {07},
    issn = {1367-4803},
    doi = {10.1093/bioinformatics/btaa446},
    url = {https://doi.org/10.1093/bioinformatics/btaa446},
}
@inproceedings{makinen2005succinct,
author="M{\"a}kinen, Veli
and Navarro, Gonzalo",
editor="Apostolico, Alberto
and Crochemore, Maxime
and Park, Kunsoo",
title="Succinct Suffix Arrays Based on Run-Length Encoding",
booktitle="Combinatorial Pattern Matching",
doi="10.1007/11496656_5",
year="2005",
publisher="Springer Berlin Heidelberg",
address="Berlin, Heidelberg",
pages="45--56",
isbn="978-3-540-31562-9"
}
@inproceedings{prezza2017framework,
  author =  {Nicola Prezza},
  title =   {{A Framework of Dynamic Data Structures for String Processing}},
  booktitle =   {16th International Symposium on Experimental Algorithms (SEA 2017)},
  pages =   {11:1--11:15},
  series =  {Leibniz International Proceedings in Informatics (LIPIcs)},
  ISBN =    {978-3-95977-036-1},
  ISSN =    {1868-8969},
  year =    {2017},
  volume =  {75},
  editor =  {Costas S. Iliopoulos and Solon P. Pissis and Simon J. Puglisi and Rajeev Raman},
  publisher =   {Schloss Dagstuhl--Leibniz-Zentrum fuer Informatik},
  address = {Dagstuhl, Germany},
  URL =     {http://drops.dagstuhl.de/opus/volltexte/2017/7602},
  URN =     {urn:nbn:de:0030-drops-76028},
  doi =     {10.4230/LIPIcs.SEA.2017.11},
}
@article{tate2018cosmic,
    author = {Tate, John G and Bamford, Sally and Jubb, Harry C and Sondka, Zbyslaw and Beare, David M and Bindal, Nidhi and Boutselakis, Harry and Cole, Charlotte G and Creatore, Celestino and Dawson, Elisabeth and Fish, Peter and Harsha, Bhavana and Hathaway, Charlie and Jupe, Steve C and Kok, Chai Yin and Noble, Kate and Ponting, Laura and Ramshaw, Christopher C and Rye, Claire E and Speedy, Helen E and Stefancsik, Ray and Thompson, Sam L and Wang, Shicai and Ward, Sari and Campbell, Peter J and Forbes, Simon A},
    title = "{COSMIC: the Catalogue Of Somatic Mutations In Cancer}",
    journal = {Nucleic Acids Research},
    volume = {47},
    number = {D1},
    pages = {D941-D947},
    year = {2018},
    month = {10},
    issn = {0305-1048},
    doi = {10.1093/nar/gky1015},
    url = {https://doi.org/10.1093/nar/gky1015},
}
@article{crawford2018practical,
    author = {Crawford, Victoria G and Kuhnle, Alan and Boucher, Christina and Chikhi, Rayan and Gagie, Travis},
    title = "{Practical dynamic de Bruijn graphs}",
    journal = {Bioinformatics},
    volume = {34},
    number = {24},
    pages = {4189-4195},
    year = {2018},
    month = {06},
    issn = {1367-4803},
    doi = {10.1093/bioinformatics/bty500},
    url = {https://doi.org/10.1093/bioinformatics/bty500},
}
@article{alipanahi2020succinct,
    author = {Alipanahi, Bahar and Kuhnle, Alan and Puglisi, Simon J and Salmela, Leena and Boucher, Christina},
    title = "{Succinct Dynamic de Bruijn Graphs}",
    journal = {Bioinformatics},
    year = {2020},
    month = {05},
    issn = {1367-4803},
    doi = {10.1093/bioinformatics/btaa546},
    url = {https://doi.org/10.1093/bioinformatics/btaa546},
    note = {btaa546},
}
@article{iqbal2013high,
    author = {Iqbal, Zamin and Turner, Isaac and McVean, Gil},
    title = "{High-throughput microbial population genomics using the Cortex variation assembler}",
    journal = {Bioinformatics},
    volume = {29},
    number = {2},
    pages = {275-276},
    year = {2012},
    month = {11},
    issn = {1367-4803},
    doi = {10.1093/bioinformatics/bts673},
    url = {https://doi.org/10.1093/bioinformatics/bts673},
}
@article{muggli2019building,
    author = {Muggli, Martin D and Alipanahi, Bahar and Boucher, Christina},
    title = "{Building large updatable colored de Bruijn graphs via merging}",
    journal = {Bioinformatics},
    volume = {35},
    number = {14},
    pages = {i51-i60},
    year = {2019},
    month = {07},
    issn = {1367-4803},
    doi = {10.1093/bioinformatics/btz350},
    url = {https://doi.org/10.1093/bioinformatics/btz350},
}
@article{morgulis2008database,
    author = {Morgulis, Aleksandr and Coulouris, George and Raytselis, Yan and Madden, Thomas L. and Agarwala, Richa and Schäffer, Alejandro A.},
    title = "{Database indexing for production MegaBLAST searches}",
    journal = {Bioinformatics},
    volume = {24},
    number = {16},
    pages = {1757-1764},
    year = {2008},
    month = {06},
    issn = {1367-4803},
    doi = {10.1093/bioinformatics/btn322},
    url = {https://doi.org/10.1093/bioinformatics/btn322},
}
@article{chen2015high,
  title={High speed BLASTN: an accelerated MegaBLAST search tool},
  author={Chen, Ying and Ye, Weicai and Zhang, Yongdong and Xu, Yuesheng},
  journal={Nucleic acids research},
  volume={43},
  number={16},
  pages={7762--7768},
  year={2015},
  publisher={Oxford University Press}
}
@article{kim2016centrifuge,
  title={Centrifuge: rapid and sensitive classification of metagenomic sequences},
  author={Kim, Daehwan and Song, Li and Breitwieser, Florian P and Salzberg, Steven L},
  journal={Genome research},
  volume={26},
  number={12},
  pages={1721--1729},
  year={2016},
  publisher={Cold Spring Harbor Lab}
}
@article{salzman2012circular,
  title={Circular RNAs are the predominant transcript isoform from hundreds of human genes in diverse cell types},
  author={Salzman, Julia and Gawad, Charles and Wang, Peter Lincoln and Lacayo, Norman and Brown, Patrick O},
  journal={PloS one},
  volume={7},
  number={2},
  pages={e30733},
  year={2012},
  publisher={Public Library of Science}
}
@article{xin2021isocirc,
  title={isoCirc catalogs full-length circular RNA isoforms in human transcriptomes},
  author={Xin, Ruijiao and Gao, Yan and Gao, Yuan and Wang, Robert and Kadash-Edmondson, Kathryn E and Liu, Bo and Wang, Yadong and Lin, Lan and Xing, Yi},
  journal={Nature communications},
  volume={12},
  number={1},
  pages={1--11},
  year={2021},
  publisher={Nature Publishing Group}
}

@INPROCEEDINGS{Besta2020CommunicationEfficientJS,
  title={Communication-Efficient Jaccard similarity for High-Performance Distributed Genome Comparisons},
  author={Maciej Besta and Raghavendra Kanakagiri and Harun Mustafa and Mikhail Karasikov and Gunnar R{\"a}tsch and Torsten Hoefler and Edgar Solomonik},
  booktitle={2020 IEEE International Parallel and Distributed Processing Symposium (IPDPS)},
  year={2020},
  pages={1122-1132},
  doi = {10.1109/IPDPS47924.2020.00118},
  url = {https://doi.ieeecomputersociety.org/10.1109/IPDPS47924.2020.00118},
  publisher = {IEEE Computer Society},
  address = {Los Alamitos, CA, USA}
}

@article{Karasikov:2022aa,
author = {Karasikov, Mikhail and Mustafa, Harun and Rätsch, Gunnar and Kahles, André}, 
title = {Lossless indexing with counting de Bruijn graphs},
volume = {32}, 
number = {9}, 
pages = {1754-1764}, 
year = {2022}, 
doi = {10.1101/gr.276607.122}, 
URL = {http://genome.cshlp.org/content/32/9/1754.abstract}, 
eprint = {http://genome.cshlp.org/content/32/9/1754.full.pdf+html}, 
journal = {Genome Research} 
}

@article{10.1093/bioinformatics/btab330,
    author = {Danciu, Daniel and Karasikov, Mikhail and Mustafa, Harun and Kahles, André and Rätsch, Gunnar},
    title = "{Topology-based sparsification of graph annotations}",
    journal = {Bioinformatics},
    volume = {37},
    number = {Supplement\_1},
    pages = {i169-i176},
    year = {2021},
    month = {07},
    issn = {1367-4803},
    doi = {10.1093/bioinformatics/btab330},
    url = {https://doi.org/10.1093/bioinformatics/btab330},
}

@article {Karasikov2020.10.01.322164,
  author = {Karasikov, Mikhail and Mustafa, Harun and Danciu, Daniel and Zimmermann, Marc and Barber, Christopher and R{\"a}tsch, Gunnar and Kahles, Andr{\'e}},
  title = {MetaGraph: Indexing and Analysing Nucleotide Archives at Petabase-scale},
  elocation-id = {2020.10.01.322164},
  year = {2020},
  doi = {10.1101/2020.10.01.322164},
  publisher = {Cold Spring Harbor Laboratory},
  URL = {https://www.biorxiv.org/content/early/2020/11/03/2020.10.01.322164},
  journal = {bioRxiv}
}

@misc{BinRelWT2016,
  author = {Diego Ramírez},
  title = {{BinRel WT}},
  year = {2016 (accessed November 2nd, 2018)},
  publisher = {GitHub},
  journal = {GitHub repository},
  howpublished = {\url{https://github.com/dieram3/binrel_wt}},
  commit = {b4edbd71db440432794739ce05ca3b9876808538}
}

@article{cox2012large,
	author = {Cox, Anthony J. and Bauer, Markus J. and Jakobi, Tobias and Rosone, Giovanna},
	title = "{Large-scale compression of genomic sequence databases with the Burrows–Wheeler transform}",
	journal = {Bioinformatics},
	volume = {28},
	number = {11},
	pages = {1415-1419},
	year = {2012},
	month = {05},
	issn = {1367-4803},
	doi = {10.1093/bioinformatics/bts173},
	url = {https://doi.org/10.1093/bioinformatics/bts173},
}

@article{benoit2015reference,
	author = {Benoit, Ga{\"e}tan and Lemaitre, Claire and Lavenier, Dominique and Drezen, Erwan and Dayris, Thibault and Uricaru, Raluca and Rizk, Guillaume},
	doi = {10.1186/s12859-015-0709-7},
	id = {Benoit2015},
	isbn = {1471-2105},
	journal = {BMC Bioinformatics},
	number = {1},
	pages = {288},
	title = {Reference-free compression of high throughput sequencing data with a probabilistic de Bruijn graph},
	url = {https://doi.org/10.1186/s12859-015-0709-7},
	volume = {16},
	year = {2015}
}

@article{marchet2021data,
	author = {Marchet, Camille and Boucher, Christina and Puglisi, Simon J. and Medvedev, Paul and Salson, Mikaël and Chikhi, Rayan},
	title = {Data structures based on k-mers for querying large collections of sequencing data sets},
	year = {2020},
	doi = {10.1101/gr.260604.119},
	URL = {http://genome.cshlp.org/content/early/2020/12/16/gr.260604.119.abstract},
	journal = {Genome Research}
}
@article{almodaresi2021puffaligner,
	title = "{PuffAligner: a fast, efficient and accurate aligner based on the Pufferfish index}",
	author = {Almodaresi, Fatemeh and Zakeri, Mohsen and Patro, Rob},
	journal = {Bioinformatics},
	volume = {37},
	number = {22},
	pages = {4048-4055},
	year = {2021},
	month = {06},
	issn = {1367-4803},
	doi = {10.1093/bioinformatics/btab408},
	url = {https://doi.org/10.1093/bioinformatics/btab408},
}
@Article{         harris2020array,
	title         = {Array programming with {NumPy}},
	author        = {Charles R. Harris and K. Jarrod Millman and St{\'{e}}fan J.
	van der Walt and Ralf Gommers and Pauli Virtanen and David
	Cournapeau and Eric Wieser and Julian Taylor and Sebastian
	Berg and Nathaniel J. Smith and Robert Kern and Matti Picus
	and Stephan Hoyer and Marten H. van Kerkwijk and Matthew
	Brett and Allan Haldane and Jaime Fern{\'{a}}ndez del
	R{\'{i}}o and Mark Wiebe and Pearu Peterson and Pierre
	G{\'{e}}rard-Marchant and Kevin Sheppard and Tyler Reddy and
	Warren Weckesser and Hameer Abbasi and Christoph Gohlke and
	Travis E. Oliphant},
	year          = {2020},
	month         = sep,
	journal       = {Nature},
	volume        = {585},
	number        = {7825},
	pages         = {357--362},
	doi           = {10.1038/s41586-020-2649-2},
	publisher     = {Springer Science and Business Media {LLC}},
	url           = {https://doi.org/10.1038/s41586-020-2649-2}
}
@article{liu2016debga,
    author = {Liu, Bo and Guo, Hongzhe and Brudno, Michael and Wang, Yadong},
    title = "{deBGA: read alignment with de Bruijn graph-based seed and extension}",
    journal = {Bioinformatics},
    volume = {32},
    number = {21},
    pages = {3224-3232},
    year = {2016},
    month = {07},
    issn = {1367-4803},
    doi = {10.1093/bioinformatics/btw371},
    url = {https://doi.org/10.1093/bioinformatics/btw371},
}
@article{10.1093/bioinformatics/btaa487,
	author = {Marchet, Camille and Iqbal, Zamin and Gautheret, Daniel and Salson, Mikaël and Chikhi, Rayan},
	title = "{REINDEER: efficient indexing of k-mer presence and abundance in sequencing datasets}",
	journal = {Bioinformatics},
	volume = {36},
	number = {Supplement\_1},
	pages = {i177-i185},
	year = {2020},
	month = {07},
	issn = {1367-4803},
	doi = {10.1093/bioinformatics/btaa487},
	url = {https://doi.org/10.1093/bioinformatics/btaa487},
}

@article{Novak2017AGE,
	author = {Novak, Adam M. and Garrison, Erik and Paten, Benedict},
	da = {2017/07/11},
	doi = {10.1186/s13015-017-0109-9},
	isbn = {1748-7188},
	journal = {Algorithms for Molecular Biology},
	number = {1},
	pages = {18},
	title = {A graph extension of the positional Burrows--Wheeler transform and its applications},
	ty = {JOUR},
	url = {https://doi.org/10.1186/s13015-017-0109-9},
	volume = {12},
	year = {2017},
}

@article{10.1093/bioinformatics/bty1015,
	author = {Chandak, Shubham and Tatwawadi, Kedar and Ochoa, Idoia and Hernaez, Mikel and Weissman, Tsachy},
	title = "{SPRING: a next-generation compressor for FASTQ data}",
	journal = {Bioinformatics},
	volume = {35},
	number = {15},
	pages = {2674-2676},
	year = {2018},
	month = {12},
	issn = {1367-4803},
	doi = {10.1093/bioinformatics/bty1015},
	url = {https://doi.org/10.1093/bioinformatics/bty1015},
}
@article{nayfach2021metagenomic,
	title = {{Metagenomic compendium of 189,680 DNA viruses from the human gut microbiome}},
	author = {Nayfach, Stephen and P{\'a}ez-Espino, David and Call, Lee and Low, Soo Jen and Sberro, Hila and Ivanova, Natalia N. and Proal, Amy D. and Fischbach, Michael A. and Bhatt, Ami S. and Hugenholtz, Philip and Kyrpides, Nikos C.},
	date = {2021/07/01},
	doi = {10.1038/s41564-021-00928-6},
	id = {Nayfach2021},
	isbn = {2058-5276},
	journal = {Nature Microbiology},
	number = {7},
	pages = {960--970},
	url = {https://doi.org/10.1038/s41564-021-00928-6},
	volume = {6},
	year = {2021}
}

@article{su2020method,
	title = {Method development for cross-study microbiome data mining: Challenges and opportunities},
	journal = {Computational and Structural Biotechnology Journal},
	volume = {18},
	pages = {2075-2080},
	year = {2020},
	issn = {2001-0370},
	doi = {10.1016/j.csbj.2020.07.020},
	url = {https://www.sciencedirect.com/science/article/pii/S2001037020303524},
	author = {Xiaoquan Su and Gongchao Jing and Yufeng Zhang and Shunyao Wu},
}
@article{collado2017reproducible,
    author = {Collado-Torres, Leonardo and Nellore, Abhinav and Kammers, Kai and Ellis, Shannon E and Taub, Margaret A and Hansen, Kasper D and Jaffe, Andrew E and Langmead, Ben and Leek, Jeffrey T},
    doi = {10.1038/nbt.3838},
    id = {Collado-Torres2017},
    isbn = {1546-1696},
    journal = {Nature Biotechnology},
    number = {4},
    pages = {319--321},
    title = {{Reproducible RNA-seq analysis using recount2}},
    url = {https://doi.org/10.1038/nbt.3838},
    volume = {35},
    year = {2017}
}
@article{minimap2,
    author = {Li, Heng},
    title = "{Minimap2: pairwise alignment for nucleotide sequences}",
    journal = {Bioinformatics},
    volume = {34},
    number = {18},
    pages = {3094-3100},
    year = {2018},
    month = {05},
    issn = {1367-4803},
    doi = {10.1093/bioinformatics/bty191},
    url = {https://doi.org/10.1093/bioinformatics/bty191},
}
@article{schneider2017evaluation,
    author = {Schneider, Valerie A and Graves-Lindsay, Tina and Howe, Kerstin and Bouk, Nathan and Chen, Hsiu-Chuan and Kitts, Paul A and Murphy, Terence D and Pruitt, Kim D and Thibaud-Nissen, Fran{\c c}oise and Albracht, Derek and Fulton, Robert S and Kremitzki, Milinn and Magrini, Vincent and Markovic, Chris and McGrath, Sean and Steinberg, Karyn Meltz and Auger, Kate and Chow, William and Collins, Joanna and Harden, Glenn and Hubbard, Timothy and Pelan, Sarah and Simpson, Jared T and Threadgold, Glen and Torrance, James and Wood, Jonathan M and Clarke, Laura and Koren, Sergey and Boitano, Matthew and Peluso, Paul and Li, Heng and Chin, Chen-Shan and Phillippy, Adam M and Durbin, Richard and Wilson, Richard K and Flicek, Paul and Eichler, Evan E and Church, Deanna M},
    crdt = {2017/04/12 06:00},
    dcom = {20180112},
    dep = {20170410},
    doi = {10.1101/gr.213611.116},
    edat = {2017/04/12 06:00},
    gr = {Wellcome Trust/United Kingdom; R01 HG002385/HG/NHGRI NIH HHS/United States; U41 HG007635/HG/NHGRI NIH HHS/United States; U54 HG003079/HG/NHGRI NIH HHS/United States; WT095908/Wellcome Trust/United Kingdom; WT098051/Wellcome Trust/United Kingdom; WT104947/Z/14/Z/Wellcome Trust/United Kingdom},
    issn = {1549-5469 (Electronic); 1088-9051 (Print); 1088-9051 (Linking)},
    jid = {9518021},
    journal = {Genome Research},
    jt = {Genome research},
    lid = {10.1101/gr.213611.116 {$[$}doi{$]$}},
    lr = {20190112},
    mh = {Contig Mapping/*methods/standards; *Genome, Human; Genomics/*methods/standards; Haploidy; Haplotypes; Humans; Polymorphism, Genetic; Reference Standards; Sequence Analysis, DNA/*methods/standards; *Software},
    mhda = {2018/01/13 06:00},
    month = {May},
    number = {5},
    own = {NLM},
    pages = {849--864},
    phst = {2016/07/29 00:00 {$[$}received{$]$}; 2017/03/14 00:00 {$[$}accepted{$]$}; 2017/04/12 06:00 {$[$}pubmed{$]$}; 2018/01/13 06:00 {$[$}medline{$]$}; 2017/04/12 06:00 {$[$}entrez{$]$}},
    pii = {gr.213611.116},
    pl = {United States},
    pmc = {PMC5411779},
    pmid = {28396521},
    pst = {ppublish},
    pt = {Journal Article; Research Support, N.I.H., Extramural; Research Support, N.I.H., Intramural; Research Support, Non-U.S. Gov't},
    sb = {IM},
    status = {MEDLINE},
    title = {{Evaluation of GRCh38 and de novo haploid genome assemblies demonstrates the enduring quality of the reference assembly}},
    volume = {27},
    year = {2017}
}
@article{riley2006escherichia,
	title = "{Escherichia coli K-12: a cooperatively developed annotation snapshot—2005}",
	author = {Riley, Monica and Abe, Takashi and Arnaud, Martha B. and Berlyn, Mary K.B. and Blattner, Frederick R. and Chaudhuri, Roy R. and Glasner, Jeremy D. and Horiuchi, Takashi and Keseler, Ingrid M. and Kosuge, Takehide and Mori, Hirotada and Perna, Nicole T. and Plunkett, Guy, III and Rudd, Kenneth E. and Serres, Margrethe H. and Thomas, Gavin H. and Thomson, Nicholas R. and Wishart, David and Wanner, Barry L.},
	journal = {Nucleic Acids Research},
	volume = {34},
	number = {1},
	pages = {1-9},
	year = {2006},
	month = {01},
	issn = {0305-1048},
	doi = {10.1093/nar/gkj405},
	url = {https://doi.org/10.1093/nar/gkj405},
}
@article{almodaresi2018space,
    author = {Almodaresi, Fatemeh and Sarkar, Hirak and Srivastava, Avi and Patro, Rob},
    title = "{A space and time-efficient index for the compacted colored de Bruijn graph}",
    journal = {Bioinformatics},
    volume = {34},
    number = {13},
    pages = {i169-i177},
    year = {2018},
    month = {06},
    issn = {1367-4803},
    doi = {10.1093/bioinformatics/bty292},
    url = {https://doi.org/10.1093/bioinformatics/bty292},
}
@article{luhmann2021blastfrost,
	title = {BlastFrost: fast querying of 100,000s of bacterial genomes in Bifrost graphs},
	author = {Luhmann, Nina and Holley, Guillaume and Achtman, Mark},
	date = {2021/01/11},
	doi = {10.1186/s13059-020-02237-3},
	id = {Luhmann2021},
	isbn = {1474-760X},
	journal = {Genome Biology},
	number = {1},
	pages = {30},
	url = {https://doi.org/10.1186/s13059-020-02237-3},
	volume = {22},
	year = {2021}
}
@article{schulz2021detecting,
    author = {Schulz, Tizian and Wittler, Roland and Rahmann, Sven and Hach, Faraz and Stoye, Jens},
    title = "{Detecting high-scoring local alignments in pangenome graphs}",
    journal = {Bioinformatics},
    volume = {37},
    number = {16},
    pages = {2266-2274},
    year = {2021},
    month = {02},
    issn = {1367-4803},
    doi = {10.1093/bioinformatics/btab077},
    url = {https://doi.org/10.1093/bioinformatics/btab077},
}
@article{dac_vectors,
	title = {{DACs: Bringing direct access to variable-length codes}},
	journal = {Information Processing \& Management},
	volume = {49},
	number = {1},
	pages = {392-404},
	year = {2013},
	issn = {0306-4573},
	doi = {10.1016/j.ipm.2012.08.003},
	url = {https://www.sciencedirect.com/science/article/pii/S0306457312001094},
	author = {Nieves R. Brisaboa and Susana Ladra and Gonzalo Navarro}
}
@InProceedings{italiano_et_al:LIPIcs.CPM.2021.16,
	author =	{Italiano, Giuseppe F. and Prezza, Nicola and Sinaimeri, Blerina and Venturini, Rossano},
	title =	{{Compressed weighted de Bruijn graphs}},
	booktitle =	{32nd Annual Symposium on Combinatorial Pattern Matching (CPM 2021)},
	pages =	{16:1--16:16},
	series =	{Leibniz International Proceedings in Informatics (LIPIcs)},
	ISBN =	{978-3-95977-186-3},
	ISSN =	{1868-8969},
	year =	{2021},
	volume =	{191},
	editor =	{Gawrychowski, Pawe{\l} and Starikovskaya, Tatiana},
	publisher =	{Schloss Dagstuhl -- Leibniz-Zentrum f{\"u}r Informatik},
	address =	{Dagstuhl, Germany},
	URL =		{https://drops.dagstuhl.de/opus/volltexte/2021/13967},
	URN =		{urn:nbn:de:0030-drops-139675},
	doi =		{10.4230/LIPIcs.CPM.2021.16}
}
@article{leinonen2010sequence,
	author = {Leinonen, Rasko and Sugawara, Hideaki and Shumway, Martin, on behalf of the International Nucleotide Sequence Database Collaboration},
	title = "{The Sequence Read Archive}",
	journal = {Nucleic Acids Research},
	volume = {39},
	number = {suppl\_1},
	pages = {D19-D21},
	year = {2010},
	month = {11},
	issn = {0305-1048},
	doi = {10.1093/nar/gkq1019},
	url = {https://doi.org/10.1093/nar/gkq1019},
}
@article{salomon_kingsford_2016,
	author = {Solomon, Brad and Kingsford, Carl},
	doi = {10.1038/nbt.3442},
	id = {Solomon2016},
	isbn = {1546-1696},
	journal = {Nature Biotechnology},
	number = {3},
	pages = {300--302},
	title = {Fast search of thousands of short-read sequencing experiments},
	url = {https://doi.org/10.1038/nbt.3442},
	volume = {34},
	year = {2016}
}
@article{10.1145/316542.316550,
	author = {Myers, Gene},
	title = {A Fast Bit-Vector Algorithm for Approximate String Matching Based on Dynamic Programming},
	year = {1999},
	issue_date = {May 1999},
	publisher = {Association for Computing Machinery},
	address = {New York, NY, USA},
	volume = {46},
	number = {3},
	issn = {0004-5411},
	url = {https://doi.org/10.1145/316542.316550},
	doi = {10.1145/316542.316550}, 
	journal = {J. ACM},
	month = {may},
	pages = {395–415},
	numpages = {21}
}
@article{pevzner_assembly,
	author = {Compeau, Phillip E C and Pevzner, Pavel A and Tesler, Glenn},
	doi = {10.1038/nbt.2023},
	id = {Compeau2011},
	isbn = {1546-1696},
	journal = {Nature Biotechnology},
	number = {11},
	pages = {987--991},
	title = {How to apply de Bruijn graphs to genome assembly},
	url = {https://doi.org/10.1038/nbt.2023},
	volume = {29},
	year = {2011}
}
@article{Holley2020,
	author={Holley, Guillaume
	and Melsted, P{\'a}ll},
	title={Bifrost: highly parallel construction and indexing of colored and compacted de Bruijn graphs},
	journal={Genome Biology},
	year={2020},
	month={09},
	day={17},
	volume={21},
	number={1},
	pages={249},
	issn={1474-760X},
	doi={10.1186/s13059-020-02135-8},
	url={https://doi.org/10.1186/s13059-020-02135-8}
}
@article{tara_oceans,
	author = {Paoli, Lucas and Ruscheweyh, Hans-Joachim and Forneris, Clarissa C. and Hubrich, Florian and Kautsar, Satria and Bhushan, Agneya and Lotti, Alessandro and Clayssen, Quentin and Salazar, Guillem and Milanese, Alessio and Carlstr{\"o}m, Charlotte I. and Papadopoulou, Chrysa and Gehrig, Daniel and Karasikov, Mikhail and Mustafa, Harun and Larralde, Martin and Carroll, Laura M. and S{\'a}nchez, Pablo and Zayed, Ahmed A. and Cronin, Dylan R. and Acinas, Silvia G. and Bork, Peer and Bowler, Chris and Delmont, Tom O. and Gasol, Josep M. and Gossert, Alvar D. and Kahles, Andr{\'e} and Sullivan, Matthew B. and Wincker, Patrick and Zeller, Georg and Robinson, Serina L. and Piel, J{\"o}rn and Sunagawa, Shinichi},
	doi = {10.1038/s41586-022-04862-3},
	id = {Paoli2022},
	isbn = {1476-4687},
	journal = {Nature},
	number = {7917},
	pages = {111--118},
	title = {Biosynthetic potential of the global ocean microbiome},
	url = {https://doi.org/10.1038/s41586-022-04862-3},
	volume = {607},
	year = {2022}
}

@article{Leinonen:2011aa,
	address = {European Bioinformatics Institute, Wellcome Trust Genome Campus, Hinxton, Cambridge CB10 1SD, UK. rasko@ebi.ac.uk},
	author = {Leinonen, Rasko and Akhtar, Ruth and Birney, Ewan and Bower, Lawrence and Cerdeno-T{\'a}rraga, Ana and Cheng, Ying and Cleland, Iain and Faruque, Nadeem and Goodgame, Neil and Gibson, Richard and Hoad, Gemma and Jang, Mikyung and Pakseresht, Nima and Plaister, Sheila and Radhakrishnan, Rajesh and Reddy, Kethi and Sobhany, Siamak and Ten Hoopen, Petra and Vaughan, Robert and Zalunin, Vadim and Cochrane, Guy},
	crdt = {2010/10/26 06:00},
	dcom = {20110428},
	dep = {20101023},
	doi = {10.1093/nar/gkq967},
	edat = {2010/10/26 06:00},
	gr = {085532/Wellcome Trust/United Kingdom},
	issn = {1362-4962 (Electronic); 0305-1048 (Print); 0305-1048 (Linking)},
	jid = {0411011},
	journal = {Nucleic Acids Res},
	jt = {Nucleic acids research},
	lid = {10.1093/nar/gkq967 {$[$}doi{$]$}},
	lr = {20220330},
	mh = {*Base Sequence; *Databases, Nucleic Acid; Europe; High-Throughput Nucleotide Sequencing; Molecular Sequence Annotation},
	mhda = {2011/04/29 06:00},
	month = {Jan},
	number = {Database issue},
	own = {NLM},
	pages = {D28-31},
	phst = {2010/10/26 06:00 {$[$}entrez{$]$}; 2010/10/26 06:00 {$[$}pubmed{$]$}; 2011/04/29 06:00 {$[$}medline{$]$}},
	pii = {gkq967},
	pmc = {PMC3013801},
	pmid = {20972220},
	pst = {ppublish},
	pt = {Journal Article; Research Support, Non-U.S. Gov't},
	sb = {IM},
	status = {MEDLINE},
	title = {The European Nucleotide Archive},
	volume = {39},
	year = {2011}
}

@article{Boratyn:2019aa,
	author = {Boratyn, Grzegorz M. and Thierry-Mieg, Jean and Thierry-Mieg, Danielle and Busby, Ben and Madden, Thomas L.},
	doi = {10.1186/s12859-019-2996-x},
	id = {Boratyn2019},
	isbn = {1471-2105},
	journal = {BMC Bioinformatics},
	number = {1},
	pages = {405},
	title = {Magic-BLAST, an accurate RNA-seq aligner for long and short reads},
	url = {https://doi.org/10.1186/s12859-019-2996-x},
	volume = {20},
	year = {2019}
}

@article{Needleman:1970aa,
	author = {Needleman, S B and Wunsch, C D},
	crdt = {1970/03/01 00:00},
	dcom = {19700729},
	doi = {10.1016/0022-2836(70)90057-4},
	edat = {1970/03/01 00:00},
	issn = {0022-2836 (Print); 0022-2836 (Linking)},
	jid = {2985088R},
	journal = {J Mol Biol},
	jt = {Journal of molecular biology},
	lr = {20220409},
	mh = {*Amino Acid Sequence; Computers; Hemoglobins; Methods; Muramidase; Myoglobin; Probability; Ribonucleases},
	mhda = {1970/03/01 00:01},
	month = {Mar},
	number = {3},
	own = {NLM},
	pages = {443--453},
	phst = {1970/03/01 00:00 {$[$}pubmed{$]$}; 1970/03/01 00:01 {$[$}medline{$]$}; 1970/03/01 00:00 {$[$}entrez{$]$}},
	pii = {0022-2836(70)90057-4},
	pl = {Netherlands},
	pmid = {5420325},
	pst = {ppublish},
	pt = {Journal Article},
	rn = {0 (Hemoglobins); 0 (Myoglobin); EC 3.1.- (Ribonucleases); EC 3.2.1.17 (Muramidase)},
	sb = {IM},
	status = {MEDLINE},
	title = {A general method applicable to the search for similarities in the amino acid sequence of two proteins},
	volume = {48},
	year = {1970}
}

@article{SMITH1981195,
	title = {Identification of common molecular subsequences},
	journal = {Journal of Molecular Biology},
	volume = {147},
	number = {1},
	pages = {195-197},
	year = {1981},
	issn = {0022-2836},
	doi = {10.1016/0022-2836(81)90087-5},
	url = {https://www.sciencedirect.com/science/article/pii/0022283681900875},
	author = {T.F. Smith and M.S. Waterman}
}

@inproceedings{Boucher:2015:VDB:2859848.2860196,
	title = {{Variable-Order De Bruijn Graphs}},
	year = {2015},
	booktitle = {Proceedings of the 2015 Data Compression Conference},
	author = {Boucher, Christina and Bowe, Alex and Gagie, Travis and Puglisi, Simon J and Sadakane, Kunihiko},
	pages = {383--392},
	series = {DCC '15},
	publisher = {IEEE Computer Society},
	url = {http://dx.doi.org/10.1109/DCC.2015.70},
	address = {Washington, DC, USA},
	isbn = {978-1-4799-8430-5},
	doi = {10.1109/DCC.2015.70}
}

@article {Mustafa2022.11.04.514718,
	author = {Mustafa, Harun and Karasikov, Mikhail and R{\"a}tsch, Gunnar and Kahles, Andr{\'e}},
	title = {MetaGraph-MLA: Label-guided alignment to variable-order De Bruijn graphs},
	elocation-id = {2022.11.04.514718},
	year = {2022},
	doi = {10.1101/2022.11.04.514718},
	publisher = {Cold Spring Harbor Laboratory},
	URL = {https://www.biorxiv.org/content/early/2022/11/05/2022.11.04.514718},
	journal = {bioRxiv}
}

@article{Diaz-Dominguez,
	title = {{Simulating the DNA String Graph in Succinct Space}},
	year = {2019},
	journal = {arXiv},
	author = {D{\'{i}}az-Dom{\'{i}}nguez, Diego and Gagie, Travis and Navarro, Gonzalo},
	url = {https://arxiv.org/pdf/1901.10453.pdf},
	doi = {10.4230/LIPIcs.CVIT.2016.23},
	arxivId = {1901.10453v1},
	keywords = {1998 ACM Subject Classification J3 Life and Medica, DNA sequencing, E1 Data Structures, G22 Graph Theory Keywords and phrases String graph, Succinct ordinal trees, de Bruijn graph}
}

@article{serratus2022,
	author = {Edgar, Robert C. and Taylor, Jeff and Lin, Victor and Altman, Tomer and Barbera, Pierre and Meleshko, Dmitry and Lohr, Dan and Novakovsky, Gherman and Buchfink, Benjamin and Al-Shayeb, Basem and Banfield, Jillian F. and de la Pe{\~n}a, Marcos and Korobeynikov, Anton and Chikhi, Rayan and Babaian, Artem},
	doi = {10.1038/s41586-021-04332-2},
	id = {Edgar2022},
	isbn = {1476-4687},
	journal = {Nature},
	number = {7895},
	pages = {142--147},
	title = {Petabase-scale sequence alignment catalyses viral discovery},
	url = {https://doi.org/10.1038/s41586-021-04332-2},
	volume = {602},
	year = {2022}
}

@article{bowtie2,
    author = {Langmead, Ben and Salzberg, Steven L},
    doi = {10.1038/nmeth.1923},
    id = {Langmead2012},
    isbn = {1548-7105},
    journal = {Nature Methods},
    number = {4},
    pages = {357--359},
    title = {Fast gapped-read alignment with Bowtie 2},
    url = {https://doi.org/10.1038/nmeth.1923},
    volume = {9},
    year = {2012},
}

@article{stat2021,
    author = {Katz, Kenneth S. and Shutov, Oleg and Lapoint, Richard and Kimelman, Michael and Brister, J. Rodney and O'Sullivan, Christopher},
    doi = {10.1186/s13059-021-02490-0},
    id = {Katz2021},
    isbn = {1474-760X},
    journal = {Genome Biology},
    number = {1},
    pages = {270},
    title = {STAT: a fast, scalable, MinHash-based k-mer tool to assess Sequence Read Archive next-generation sequence submissions},
    url = {https://doi.org/10.1186/s13059-021-02490-0},
    volume = {22},
    year = {2021}
}

@article {petabyte_sourmash_2022,
	author = {Irber, Luiz and Pierce-Ward, N. Tessa and Brown, C. Titus},
	title = {Sourmash Branchwater Enables Lightweight Petabyte-Scale Sequence Search},
	elocation-id = {2022.11.02.514947},
	year = {2022},
	doi = {10.1101/2022.11.02.514947},
	publisher = {Cold Spring Harbor Laboratory},
	URL = {https://www.biorxiv.org/content/early/2022/11/03/2022.11.02.514947},
	journal = {bioRxiv}
}

@article{Sun:2018aa,
    author = {Sun, Chen and Harris, Robert S and Chikhi, Rayan and Medvedev, Paul},
    crdt = {2018/04/06 06:00},
    dcom = {20190828},
    dep = {20180405},
    doi = {10.1089/cmb.2017.0258},
    edat = {2018/04/06 06:00},
    issn = {1557-8666 (Electronic); 1066-5277 (Linking)},
    jid = {9433358},
    journal = {Journal of Computational Biology},
    jt = {Journal of computational biology : a journal of computational molecular cell biology},
    keywords = {Bloom filters; RNA-seq; Sequence Bloom Trees; algorithms; bioinformatics; data structures},
    language = {eng},
    lid = {10.1089/cmb.2017.0258 {$[$}doi{$]$}},
    lr = {20190828},
    mh = {*Algorithms; Blood/metabolism; Brain/metabolism; Breast/metabolism; Computational Biology/*methods; *Databases, Nucleic Acid; Female; High-Throughput Nucleotide Sequencing/*methods; Humans; Sequence Analysis, DNA/*methods; *Software; Transcriptome},
    mhda = {2019/08/29 06:00},
    month = {May},
    number = {5},
    oto = {NOTNLM},
    own = {NLM},
    pages = {467--479},
    phst = {2018/04/06 06:00 {$[$}pubmed{$]$}; 2019/08/29 06:00 {$[$}medline{$]$}; 2018/04/06 06:00 {$[$}entrez{$]$}},
    pl = {United States},
    pmid = {29620920},
    pst = {ppublish},
    pt = {Journal Article; Research Support, U.S. Gov't, Non-P.H.S.},
    sb = {IM},
    status = {MEDLINE},
    title = {AllSome Sequence Bloom Trees},
    volume = {25},
    year = {2018},
}

@article{PDB_2000,
	author = {Berman, Helen M. and Westbrook, John and Feng, Zukang and Gilliland, Gary and Bhat, T. N. and Weissig, Helge and Shindyalov, Ilya N. and Bourne, Philip E.},
	title = "{The Protein Data Bank}",
	journal = {Nucleic Acids Research},
	volume = {28},
	number = {1},
	pages = {235-242},
	year = {2000},
	month = {01},
	issn = {0305-1048},
	doi = {10.1093/nar/28.1.235},
	url = {https://doi.org/10.1093/nar/28.1.235},
}

@article{UniProt:2021aa,
    author = {The UniProt Consortium},
    title = "{UniProt: the universal protein knowledgebase in 2021}",
    journal = {Nucleic Acids Research},
    volume = {49},
    number = {D1},
    pages = {D480-D489},
    year = {2020},
    month = {11},
    issn = {0305-1048},
    doi = {10.1093/nar/gkaa1100},
    url = {https://doi.org/10.1093/nar/gkaa1100},
}

@article{Benson:2013aa,
    author = {Benson, Dennis A. and Cavanaugh, Mark and Clark, Karen and Karsch-Mizrachi, Ilene and Lipman, David J. and Ostell, James and Sayers, Eric W.},
    title = "{GenBank}",
    journal = {Nucleic Acids Research},
    volume = {41},
    number = {D1},
    pages = {D36-D42},
    year = {2012},
    month = {11},
    issn = {0305-1048},
    doi = {10.1093/nar/gks1195},
    url = {https://doi.org/10.1093/nar/gks1195},
}

@article{10.1093/nar/gkr854,
	author = {Kodama, Yuichi and Shumway, Martin and Leinonen, Rasko, on behalf of the International Nucleotide Sequence Database Collaboration},
	title = "{The sequence read archive: explosive growth of sequencing data}",
	journal = {Nucleic Acids Research},
	volume = {40},
	number = {D1},
	pages = {D54-D56},
	year = {2011},
	month = {10},
	issn = {0305-1048},
	doi = {10.1093/nar/gkr854},
	url = {https://doi.org/10.1093/nar/gkr854},
}

@article{Katz:2022aa,
    author = {Katz, Kenneth and Shutov, Oleg and Lapoint, Richard and Kimelman, Michael and Brister, J Rodney and O’Sullivan, Christopher},
    title = "{The Sequence Read Archive: a decade more of explosive growth}",
    journal = {Nucleic Acids Research},
    volume = {50},
    number = {D1},
    pages = {D387-D390},
    year = {2022},
    month = {January},
    issn = {0305-1048},
    doi = {10.1093/nar/gkab1053},
    url = {https://doi.org/10.1093/nar/gkab1053},
}

@article{10.1093/nar/gkac1051,
	author = {Burgin, Josephine and Ahamed, Alisha and Cummins, Carla and Devraj, Rajkumar and Gueye, Khadim and Gupta, Dipayan and Gupta, Vikas and Haseeb, Muhammad and Ihsan, Maira and Ivanov, Eugene and Jayathilaka, Suran and Balavenkataraman Kadhirvelu, Vishnukumar and Kumar, Manish and Lathi, Ankur and Leinonen, Rasko and Mansurova, Milena and McKinnon, Jasmine and O’Cathail, Colman and Paupério, Joana and Pesant, Stéphane and Rahman, Nadim and Rinck, Gabriele and Selvakumar, Sandeep and Suman, Swati and Vijayaraja, Senthilnathan and Waheed, Zahra and Woollard, Peter and Yuan, David and Zyoud, Ahmad and Burdett, Tony and Cochrane, Guy},
	title = "{The European Nucleotide Archive in 2022}",
	journal = {Nucleic Acids Research},
	year = {2022},
	month = {11},
	issn = {0305-1048},
	doi = {10.1093/nar/gkac1051},
	url = {https://doi.org/10.1093/nar/gkac1051},
	note = {gkac1051},
}

@book{manning2008,
	author = {Manning, Christopher D. and Raghavan, Prabhakar and Schütze, Hinrich},
	biburl = {https://www.bibsonomy.org/bibtex/29e12edc4fe0e9ac1121b947aa0098d75/valiumlove},
	description = {Introduction to Information Retrieval},
	title = {Introduction to Information Retrieval},
	url = {http://nlp.stanford.edu/IR-book/},
	publisher = {Cambridge University Press},
	year = {2008}
}


@article{Zerbino:2008aa,
	address = {EMBL-European Bioinformatics Institute, Wellcome Trust Genome Campus, Hinxton, Cambridge CB10 1SD, United Kingdom.},
	author = {Zerbino, Daniel R and Birney, Ewan},
	crdt = {2008/03/20 09:00},
	date = {2008 May},
	date-added = {2023-09-20 08:52:16 +0200},
	date-modified = {2023-09-20 08:52:16 +0200},
	dcom = {20080612},
	dep = {20080318},
	doi = {10.1101/gr.074492.107},
	edat = {2008/03/20 09:00},
	gr = {G0300762/MRC{\_}/Medical Research Council/United Kingdom},
	issn = {1088-9051 (Print); 1549-5477 (Electronic); 1088-9051 (Linking)},
	jid = {9518021},
	journal = {Genome Res},
	jt = {Genome research},
	language = {eng},
	lid = {10.1101/gr.074492.107 {$[$}doi{$]$}},
	lr = {20220410},
	mh = {*Algorithms; Animals; Chromosomes, Artificial, Bacterial; Computational Biology/*methods; Computer Simulation; Genome, Bacterial; Genome, Human; Genomics; Humans; Mammals/genetics; Sequence Analysis, DNA/*methods/standards; Streptococcus/genetics},
	mhda = {2008/06/13 09:00},
	month = {May},
	number = {5},
	own = {NLM},
	pages = {821--829},
	phst = {2008/03/20 09:00 {$[$}pubmed{$]$}; 2008/06/13 09:00 {$[$}medline{$]$}; 2008/03/20 09:00 {$[$}entrez{$]$}},
	pii = {gr.074492.107},
	pl = {United States},
	pmc = {PMC2336801},
	pmid = {18349386},
	pst = {ppublish},
	pt = {Journal Article; Research Support, Non-U.S. Gov't},
	sb = {IM},
	status = {MEDLINE},
	title = {Velvet: algorithms for de novo short read assembly using de Bruijn graphs.},
	volume = {18},
	year = {2008},
	bdsk-url-1 = {https://doi.org/10.1101/gr.074492.107}}

@article{Idury:1995aa,
	address = {Department of Mathematics, University of Southern California, Los Angeles 90089-1113, USA.},
	author = {Idury, R M and Waterman, M S},
	crdt = {1995/01/01 00:00},
	date = {1995 Summer},
	date-added = {2023-09-20 08:52:23 +0200},
	date-modified = {2023-09-20 08:52:23 +0200},
	dcom = {19960118},
	doi = {10.1089/cmb.1995.2.291},
	edat = {1995/01/01 00:00},
	gr = {GM-36230/GM/NIGMS NIH HHS/United States},
	issn = {1066-5277 (Print); 1066-5277 (Linking)},
	jid = {9433358},
	journal = {J Comput Biol},
	jt = {Journal of computational biology : a journal of computational molecular cell biology},
	language = {eng},
	lr = {20220316},
	mh = {*Algorithms; *Base Sequence; DNA/*chemistry; *Mathematics; *Models, Theoretical; Molecular Sequence Data; Nucleic Acid Conformation; Nucleic Acid Hybridization; *Oligodeoxyribonucleotides; Software},
	mhda = {1995/01/01 00:01},
	month = {Summer},
	number = {2},
	own = {NLM},
	pages = {291--306},
	phst = {1995/01/01 00:00 {$[$}pubmed{$]$}; 1995/01/01 00:01 {$[$}medline{$]$}; 1995/01/01 00:00 {$[$}entrez{$]$}},
	pl = {United States},
	pmid = {7497130},
	pst = {ppublish},
	pt = {Comparative Study; Journal Article; Research Support, U.S. Gov't, Non-P.H.S.; Research Support, U.S. Gov't, P.H.S.},
	rn = {0 (Oligodeoxyribonucleotides); 9007-49-2 (DNA)},
	sb = {IM},
	status = {MEDLINE},
	title = {A new algorithm for DNA sequence assembly.},
	volume = {2},
	year = {1995},
	bdsk-url-1 = {https://doi.org/10.1089/cmb.1995.2.291}}

@article{Pevzner:1989aa,
	address = {Laboratory of Mathematical Methods Institute of Genetics of Microorganisms, Moscow, USSR.},
	author = {Pevzner, P A},
	crdt = {1989/08/01 00:00},
	date = {1989 Aug},
	date-added = {2023-09-20 08:52:26 +0200},
	date-modified = {2023-09-20 08:52:26 +0200},
	dcom = {19891227},
	doi = {10.1080/07391102.1989.10507752},
	edat = {1989/08/01 00:00},
	issn = {0739-1102 (Print); 0739-1102 (Linking)},
	jid = {8404176},
	journal = {J Biomol Struct Dyn},
	jt = {Journal of biomolecular structure \& dynamics},
	language = {eng},
	lr = {20051116},
	mh = {Algorithms; *Base Sequence; *DNA; Molecular Structure; Spectrum Analysis},
	mhda = {1989/08/01 00:01},
	month = {Aug},
	number = {1},
	own = {NLM},
	pages = {63--73},
	phst = {1989/08/01 00:00 {$[$}pubmed{$]$}; 1989/08/01 00:01 {$[$}medline{$]$}; 1989/08/01 00:00 {$[$}entrez{$]$}},
	pl = {England},
	pmid = {2684223},
	pst = {ppublish},
	pt = {Journal Article; Review},
	rf = {12},
	rn = {9007-49-2 (DNA)},
	sb = {IM},
	status = {MEDLINE},
	title = {1-Tuple DNA sequencing: computer analysis.},
	volume = {7},
	year = {1989},
	bdsk-url-1 = {https://doi.org/10.1080/07391102.1989.10507752}}
